

% This file was created with JabRef 2.3.1.
% Encoding: Cp1252

%@STRING{blm = {Bound-lay. Meteorol.}}
%@STRING{cnf = {Combust. Flame}}
%@STRING{compPhys = {Comput. Phys.}}
%@STRING{cst = {Combust. Sci. Technol.}}
%@STRING{ctm = {Combust. Theor. Model.}}
%@STRING{jclimate = {J. Climate}}
%@STRING{jfm = {J. Fluid Mech.}}
%@STRING{lectNotePhys = {Lect. Notes Phys.}}
%@STRING{physFluids = {Phys. Fluids}}

@STRING{blm = {Boundary Layer Meteorology}}
@STRING{cnf = {Combustion and Flame}}
@STRING{compPhys = {Compututational Physics}}
@STRING{cst = {Combustion Science and Technology}}
@STRING{ctm = {Combustion Theory and Modelling}}
@STRING{jclimate = {Journal of Climate}}
@STRING{jfm = {Journal of Fluid Mechanics}}
@STRING{lectNotePhys = {Lecture Notes in Physics}}
@STRING{physFluids = {Physics of Fluids}}
@STRING{jstatphys = {Journal of Statistical Physics}}
@STRING{pecs = {Progress in Energy and Combustion Science}}


@article{Khouryetal_2013,
	author = "Khoury, G. and Schlatter, P. and Noorani, A. and Fischer, P. and Brethouwer, G. and Johansson, A.",
	journal = "Flow Turbulence Combust.",
	month = "July",
	pages = "475--495",
	publisher = "Springer",
	title = "{Direct Numerical Simulation of Turbulent Pipe Flow at Moderately High Reynolds Numbers}",
	volume = "91",
	year = "2013"
}

@article{Chin_2014,
	author = "Chin, C. and Monty, J. P. and Ooi, A.",
	journal = "Int. J. Heat Fluid Flow",
	pages = "33--40",
	publisher = "Elsevier",
	title = "{Reynolds number effects in DNS of pipe flow and comparison with channels and boundary layers}",
	volume = "45",
	year = "2014"
}
@phdthesis{Meiselbach_2015,
	author = "Meiselbach, F",
	school = "Brandenburgische Technische Universit{\"a}t Cottbus-Senftenberg",
	title = "{Application of ODT to turbulent flow problems}",
	year = "2015"
}

@ARTICLE{Ahlers_2009,
  author = {G. Ahlers and S. Grossmann and D. Lohse},
  title = {Heat transfer and large scale dynamics in turbulent Rayleigh-B\'enard
	convection},
  journal = {Reviews of Modern Physics},
  year = {2009},
  volume = {81},
  pages = {503-537}
}

@ARTICLE{Motheau_2016,
  author = {E. Motheau and J. Abraham},
  title = {A high-order numerical algorithm for {DNS} of low-Mach-number reactive flows with detailed chemistry and quasi-spectral accuracy},
  journal = {Journal of Computational Physics},
  year = {2016},
  volume = {313},
  pages = {430-454}
}

@book{Ferziger_2020,
  title={Computational Methods for Fluid Dynamics},
  author={Ferziger, J.H. and Peri{\'c}, M. and Street, R.L.},
  isbn={9783319996929},
  year={2020},
  publisher={Springer}
}

@ARTICLE{Ahmad_1979,
  author = {T. Ahmad and G. M. Faeth},
  title = {Turbulent wall fires},
  journal = {Proceedings of the Combustion Institute},
  year = {1979},
  volume = {17},
  pages = {1149-1160}
}
@ARTICLE{Dekker_2011,
  author = {H. Dekker},
  title = {Turbulence: large-scale sweeping and the emergence of small-scale Kolmogorov spectra},
  journal = {Physical Review E},
  year = {2011},
  volume = {84},
  pages = {026302}
}

@ARTICLE{Alamo_2004,
  author = {Juan C. del Alamo and Javier Jimenez and Paulo Zandonade and Robert
	D. Moser},
  title = {Scaling of the energy spectra of turbulent channels},
  journal = {Journal of Fluid Mechanics},
  year = {2004},
  volume = {500},
  pages = {135-144},
  file = {turbulence\\Alamo_2004_scaling_energy_spectra_turb_channels.pdf:turbulence\\Alamo_2004_scaling_energy_spectra_turb_channels.pdf:PDF}
}

@BOOK{Anderson_1995,
  title = {Computational Fluid Dynamics, the Basics with Applications},
  publisher = {McGraw-Hill},
  year = {1995},
  author = {John D. Anderson},
  address = {New York}
}

@BOOK{Poinsot_2005,
  title = {Theoretical and Numerical Combustion},
  publisher = {R.T. Edwards, Inc.},
  year = {2005},
  author = {T. Poinsot and D. Veynante},
  address = {Philadelphia, PA}
}

@ARTICLE{Appel_2000,
  author = {J. Appel and H. Bockhorn and M. Frenklach},
  title = {Kinetic modelling of soot formation with detailed chemistry and physics:
	laminar premixed flames of {C}$_2$ hydrocarbons},
  journal = {Combustion and Flame},
  year = {2000},
  volume = {121},
  pages = {122-136},
  file = {soot\\Appel_2000_haca_soot_model.pdf:soot\\Appel_2000_haca_soot_model.pdf:PDF}
}

@ARTICLE{Ashurst_2009,
  author = {W. T. Ashurst and A. R. Kerstein},
  title = {Erratum: One-dimensional turbulence: variable density formulation
	and application to mixing layers},
  journal = {Physics of Fluids},
  year = {2009},
  volume = {21-119901},
  pages = {1}
}

@ARTICLE{Ashurst_2005,
  author = {Wm. T. Ashurst and A. R. Kerstein},
  title = {One-dimensional turbulence: {V}ariable-density formulation and application to mixing layers},
  journal = physFluids,
  year = {2005},
  volume = {17},
  pages = {025107}
}

@ARTICLE{Lackmann_2017,
  author = {T. Lackmann and A. R. Kerstein and M. Oevermann},
  title = {A representative linear eddy model for simulating spray combustion in engines},
  note = {{. }Submitted to Combustion and Flame, 2017}
}

@ARTICLE{Medina_2017,
  author = {J. Medina and H. Schmidt and D. O. Lignell},
  title = {Application of one-dimensional turbulence to incompressible channel and pipe flow},
  note = {{. }Submitted to Journal of Turbulence, (2017).}
}

@ARTICLE{Ashurst_2003,
  author = {W. T. Ashurst and A. R. Kerstein and L. M. Pickett and J. B. Ghandhi},
  title = {Passive scalar mixing in a spatially developing shear layer: Comparison
	of one-dimensional turbulence simulations with experimental results},
  journal = {Physics of Fluids},
  year = {2003},
  volume = {15},
  pages = {579-582}
}

@ARTICLE{Atreya_1996,
  author = {A. Atreya and C. Zhang and H. K. Kim and T. Shamim and J. Suh},
  title = {The effect of changes in the flame structure on the formation and
	destruction of soot and NO in radiating diffusion flames},
  journal = {Proceedings of the Combustion Institute},
  year = {1996},
  volume = {26},
  pages = {2181-2189},
  file = {soot\\Atreya_1996_soot_flame_structure.pdf:soot\\Atreya_1996_soot_flame_structure.pdf:PDF}
}

@ARTICLE{Bai_1998,
  author = {X. S. Bai and M. Balthasar and F. Mauss and L. Fuchs},
  title = {Detailed soot modeling in turbulent jet diffusion flames},
  journal = {Proceedings of the Combustion Institute},
  year = {1998},
  volume = {27},
  pages = {1623-1630},
  file = {soot\\Bai_1998_soot_in_turbulent_diff_flame.pdf:soot\\Bai_1998_soot_in_turbulent_diff_flame.pdf:PDF}
}

@ARTICLE{Baines_1990,
  author = {Baines, P. G.},
  title = {Physical mechanisms for the propagation of surface fires},
  journal = {Mathematical and Computer Modelling},
  year = {1990},
  volume = {13},
  pages = {83-94},
  owner = {liz},
  timestamp = {2012.04.16}
}

@ARTICLE{Balthasar_1996,
  author = {M. Balthasar and A. Heyl and F. Mau\ss and F. Schmitt and H. Bockhorn},
  title = {Flamelet modelling of soot formation in laminar ethyne/air diffusion
	flames},
  journal = {Proceedings of the Combustion Institute},
  year = {1996},
  volume = {26},
  pages = {2369-2377},
  file = {soot\\Balthasar_1996_flmlt_soot_symp.pdf:soot\\Balthasar_1996_flmlt_soot_symp.pdf:PDF}
}
@ARTICLE{Barlow_2015,
  author = {R. S. Barlow and S. Meares and G. Magnotti and H. Cutcher and A. R. Masri},
  title = {Local extinction and near-field structure in piloted turbulent CH$_4$/air jet flames with inhomogeneous inlets},
  journal = {Combustion and Flame},
  year = {2015},
  note = {Submitted in revised form}
}

@ARTICLE{Barlow_2001,
  author = {R. S. Barlow and A. N. Karpetis and J. H. Frank and J. Y. Chen},
  title = {Scalar profiles and NO formation in laminar opposed-flow partially
	premixed methane/air flames},
  journal = {Combustion and Flame},
  year = {2001},
  volume = {127},
  pages = {2102-2118},
  file = {Barlow_2001_NO_profiles_opposed_jet.pdf:Barlow_2001_NO_profiles_opposed_jet.pdf:PDF}
}

@ARTICLE{Barlow_2008,
  author = {R. S. Barlow and G. H. Wang and P. Anselmo-Filho, and M. S. Sweeney
	and S. Hochgreb},
  title = {Application of Raman/Rayleigh/LIF diagnostics in turbulent stratified
	flames},
  journal = {submitted to Proceedings of the Combustion Institute},
  year = {2008},
  volume = {32}
}

@ARTICLE{Baum_1994,
  author = {M. Baum and T. J. Poinsot and D. C. Haworth and N. Darabiha},
  title = {Direct numerical simulation of H$_2$-O$_2$-N$_2$ flames with complex
	chemistry in two-dimensional turbulent flows},
  journal = {Journal of Fluid Mechanics},
  year = {1994},
  volume = {28},
  pages = {1-32},
  file = {Ignition_extinction\\Baum_1994_poinsot_haworth_darabiha_dns_hydrogen_flames.pdf:Ignition_extinction\\Baum_1994_poinsot_haworth_darabiha_dns_hydrogen_flames.pdf:PDF}
}

@ARTICLE{Bedat_1999,
  author = {B. Bedat and F. N. Egolfopoulos and T. Poinsot},
  title = {Direct numerical simulation of heat release and NO$_x$ formation
	in turbulent nonpremixed flames},
  journal = {Combustion and Flame},
  year = {1999},
  volume = {119},
  pages = {69-83},
  file = {DNS_COMB_SYMP\\Bedat_1999_DNS_NOx_nonpremixed.pdf:DNS_COMB_SYMP\\Bedat_1999_DNS_NOx_nonpremixed.pdf:PDF}
}

@ARTICLE{Beer_1990,
  author = {T. Beer},
  title = {The iteraction of wind and fire},
  journal = {Boundary-Layer Meteorology},
  year = {1990},
  volume = {54},
  pages = {287-308},
  owner = {liz},
  timestamp = {2012.01.02}
}

@ARTICLE{Beji_2008,
  author = {T. Beji and J. P. Zhang and M. Delichatsios},
  title = {Determination of soot formation rate from laminar smoke point measurements},
  journal = {Combustion Science and Technology},
  year = {2008},
  volume = {180},
  pages = {927-940}
}

@ARTICLE{Beltrame_2001,
  author = {A. Beltrame and P. Porshnev and W. Merchan-Merchan and A. Saveliev
	and A. Fridman and L. A. Kennedy},
  title = {Soot and NO formation in methane-oxygen enriched diffusion flames},
  journal = {Combustion and Flame},
  year = {2001},
  volume = {124},
  pages = {295-310},
  file = {soot\\Beltrame_2001_Soot_and_NO_formation_in_methane_oxygen_enriched_diffusion_flames.pdf:soot\\Beltrame_2001_Soot_and_NO_formation_in_methane_oxygen_enriched_diffusion_flames.pdf:PDF}
}

@ARTICLE{Benzi_1997,
  author = {R. Benzi and L. Biferale and E. Trovatore},
  title = {Ultrametric structure of multiscale energy correlations in turbulent models},
  journal = {Physical Review Letters},
  year = {1997},
  volume = {79},
  pages = {1670-1673}
}

@ARTICLE{Bilger_1993,
  author = {R. W. Bilger},
  title = {Conditional moment closure for turulent reacting flow},
  journal = {Physics of Fluids A},
  year = {1993},
  volume = {5},
  pages = {436-444},
  file = {CMC\\Bilger_1993_cmc.pdf:CMC\\Bilger_1993_cmc.pdf:PDF}
}
@ARTICLE{Bilger_1991,
  author = {R. W. Bilger and L.V. Krishnamoorthy and L.R. Saetran},
  title = {Reaction in a scalar mixing layer},
  journal = jfm,
  year = {1991},
  volume = {233},
  pages = {211-242}
}

@ARTICLE{Bilger_1990,
  author = {R. W. Bilger and S. H. Starner and R. J. Kee},
  title = {On reduced mechanisms for methane-air combustion in nonpremixed flames},
  journal = {Combustion and Flame},
  year = {1990},
  volume = {80},
  pages = {135-149},
  file = {Bilger_1990_methane_reduced_mech.pdf:Bilger_1990_methane_reduced_mech.pdf:PDF}
}

@ARTICLE{Bisetti_2012,
  author = {F. Bisetti and G. Blanquart and M. E. Mueller and H. Pitsch},
  title = {On the formation and early evolution of soot in turbulent
  nonpremixed flames},
  journal = {Combustion and Flame},
  year = {2012},
  volume = {159},
  pages = {317-335}
}

@BOOK{Bird_2002,
  title = {Transport Phenomena},
  publisher = {John Wiley and Sons},
  year = {2002},
  author = {R. Byron Bird and Warren E. Stewart and Edwin N. Lightfoot},
  edition = {2}
}

@BOOK{Bockhorn_1994,
  title = {Soot formation in combustion},
  publisher = {Springer-Verlag},
  year = {1994},
  author = {H. Bockhorn},
  address = {Heidelberg, Germany}
}

@ARTICLE{Bradley_1984,
  author = {D. Bradley and G. Dixon-Lewis and S. E. Habik and Mushi, E. M. J.},
  title = {The oxidation of graphite powder in flame reaction zone},
  journal = {Proceedings of the Combustion Institute},
  year = {1984},
  volume = {20},
  pages = {931}
}

@ARTICLE{Bray_2005,
  author = {K. Bray and P. Domingo and L. Vervisch},
  title = {Role of the progress variable in models for partially premixed turbulent
	combustion},
  journal = {Combustion and Flame},
  year = {2005},
  volume = {141},
  pages = {431-437}
}

@ARTICLE{Bressloff_1996,
  author = {N. W. Bressloff and J. B. Moss and P. A. Rubini},
  title = {CFD prediction of coupled radiation heat transfer and soot production
	in turbulent flames},
  journal = {Proceedings of the Combustion Institute},
  year = {1996},
  volume = {26},
  pages = {2379-2386},
  file = {soot\\Bressloff_1996_radiation_soot_turbulent_flames.pdf:soot\\Bressloff_1996_radiation_soot_turbulent_flames.pdf:PDF}
}

@ARTICLE{Brookes_1999,
  author = {S. J. Brookes and J. B. Moss},
  title = {Predictions of soot and thermal radiation properties in confined
	turbulent jet diffusion flames},
  journal = {Combustion and Flame},
  year = {1999},
  volume = {116},
  pages = {486-503},
  file = {soot\\Brookes_1999_soot_radiation_jet_flames.pdf:soot\\Brookes_1999_soot_radiation_jet_flames.pdf:PDF}
}

@ARTICLE{Brown_1962,
  author = {Brown, N. J. and Revzan, K. L. and Frenklach, M.},
  title = {Detailed kinetic modelling of soot formation in ethylene-air mixtures
	reacting in a perfectly stirred reactor},
  journal = {Proceedings of the Combustion Institute},
  year = {1962},
  volume = {27},
  pages = {1573-1580}
}

@ARTICLE{Brown_1997,
  author = {N. J. Brown and G. Li and M. L. Koszykowski},
  title = {Mechanism reduction via principal component analysis},
  journal = {International Journal of Chemical Kinetics},
  year = {1997},
  volume = {29},
  pages = {393-414},
  file = {PCA\\Brown_1997_PCA_mechanism_reduction.pdf:PCA\\Brown_1997_PCA_mechanism_reduction.pdf:PDF}
}

@ARTICLE{Buckmaster_2002,
  author = {J. Buckmaster},
  title = {Edge-flames},
  journal = {Progress in Energy and Combustion Science},
  year = {2002},
  volume = {28},
  pages = {435-475}
}

@CONFERENCE{Bushe_1998,
  author = {W. K. Bushe and R. W. Bilger},
  title = {Direct numerical simulation of turbulent non-premixed combustion
	with realistic chemistry},
  booktitle = {Center for Turbulence Research, Annual Research Briefs},
  year = {1998}
}

@ARTICLE{Candel_1999,
  author = {S. Candel and D. Thevenin and N. Darabiha and D. Veynante},
  title = {Progress in numerical combustion},
  journal = {Combustion Science and Technology},
  year = {1999},
  volume = {149},
  pages = {297-337},
  file = {Candel_1999_progress_in_numerical_combustion.pdf:Candel_1999_progress_in_numerical_combustion.pdf:PDF}
}

@BOOK{Cant_2008,
  title = {An Introduction to Turbulent Reacting Flows},
  publisher = {Imperial College Press},
  year = {2008},
  author = {R. S. Cant and E. Mastorakos},
  address = {London, England}
}

@ARTICLE{Cao_2008,
  author = {S. Cao and T. Echekki},
  title = {A low-dimensional stochastic closure model for combustion large-eddy
	simulation},
  journal = {Journal of Turbulence},
  year = {2008},
  volume = {9},
  pages = {1-35}
}

@ARTICLE{Chao_1998,
  author = {B. H. Chao and S. Liu and R. L. Axelbaum},
  title = {On soot inception in nonpremixed flames and the effects of flame
	structure},
  journal = {Combustion Science and Technology},
  year = {1998},
  volume = {138},
  pages = {105-135},
  file = {soot\\Chao_1998_soot_inception_nonpremixed_flame_structure.pdf:soot\\Chao_1998_soot_inception_nonpremixed_flame_structure.pdf:PDF}
}

@ARTICLE{Chen_2009,
  author = {J. H. Chen and A. Choudhary and B. de Supinski and M. DeVries and
	E. R. Hawkes and S. Klasky and W. K. Liao and K. L. Ma and J. Mellor-Crummey
	and N. Podhorszki and R. Sankaran and S. Shende and C. S. Yoo},
  title = {Terascale direct numerical simulations of turbulent combustion using
	{S3D}},
  journal = {Computational Science and Discovery},
  year = {2009},
  volume = {2},
  pages = {1-31}
}
@ARTICLE{Chen_1997,
  author = {J. Y. Chen},
  title = {Stochastic modeling of partially stirred reactors},
  journal = {Computational Science and Technology},
  year = {1997},
  volume = {122},
  pages = {63-94}
}

@ARTICLE{Chen_2006,
  author = {J. H. Chen and E. R. Hawkes and R. Sankaran and S. Mason and H. G.
	Im},
  title = {Direct numerical simulation of ignition front propagation in a constant
	volume with temperature inhomogeneities I. Fundamental analysis and
	diagnositics.},
  journal = {Combustion and Flame},
  year = {2006},
  volume = {145},
  pages = {128-144},
  file = {Ignition_extinction\\Chen_2006_hawkes_sankaran_mason_im_ignition_front_propagation.pdf:Ignition_extinction\\Chen_2006_hawkes_sankaran_mason_im_ignition_front_propagation.pdf:PDF}
}

@ARTICLE{Clark_1997,
  author = {B. R. Clark},
  title = {The modern integration of research activities with teaching and learning},
  journal = {Journal of Higher Education},
  year = {1997},
  volume = {68},
  pages = {241-255}
}

@ARTICLE{Clemens_1995,
  author = {N. T. Clemens and P. H. Paul},
  title = {Effects of heat release on the near field flow structure of hydrogen
	jet diffusion flames},
  journal = {Combustion and Flame},
  year = {1995},
  volume = {102},
  pages = {271-284},
  file = {Clemens_1995_effect_of_heat_release_structure_hydrogen_jet_flames.pdf:Clemens_1995_effect_of_heat_release_structure_hydrogen_jet_flames.pdf:PDF}
}

@CONFERENCE{Cohen_2010,
  author = {J. D. Cohen and M. A. Finney},
  title = {An examination of fuel particle heating during fire spread},
  booktitle = {VI International Conference on Forest Fire Research},
  year = {2010},
  owner = {liz},
  timestamp = {2012.01.02}
}

@ARTICLE{cvode,
  author = {S. D. Cohen and A. C. Hindmarsh},
  title = {{CVODE}, a stiff/nonstiff {ODE} solver in {C}},
  journal = compPhys,
  year = {1996},
  volume = {10},
  pages = {138-143},
  note = {{\url{http://llnl.gov/casc/sundials/}}}
}

@ARTICLE{Cook_1997,
  author = {A. W. Cook and J. J. Riley and G. Kosaly},
  title = {A laminar flamelet approach to subgrid-scale chemistry in turbulent
	flows},
  journal = {Combustion and Flame},
  year = {1997},
  volume = {109},
  pages = {332-341},
  file = {Flamelets\\Cook_1997_slfm_turublent_flows.pdf:Flamelets\\Cook_1997_slfm_turublent_flows.pdf:PDF}
}

@ARTICLE{Coppalle_1994,
  author = {A. Coppalle and D. Joyeux},
  title = {Temperature and soot volume fraction in turbulent diffusiion flames:
	measurements of mean and fluctuating values},
  journal = {Combustion and Flame},
  year = {1994},
  volume = {96},
  pages = {275-285},
  file = {soot\\Coppalle_1994_soot_measurements_turbulent_diffusion_flames.pdf:soot\\Coppalle_1994_soot_measurements_turbulent_diffusion_flames.pdf:PDF}
}
@ARTICLE{Csanady_1963,
  author = {G. T. Csanady},
  title = {Turbulent Diffusion of heavy particles in the atmosphere},
  journal = {Journal of Atmospheric Science},
  year = {1963},
  volume = {20},
  pages = {201-208}
}
@ARTICLE{Danckwerts_1952,
  author = {P. V. Danckwerts},
  title = {The definition and measurement of some characteristics of mixtures},
  journal = {Applied Scientific Reseearch A},
  year = {1952},
  volume = {3},
  pages = {279-296}
}

@ARTICLE{Day_2000,
  author = {M. S. Day and J. B. Bell},
  title = {Numerical simulation of laminar reacting flows with complex chemistry},
  journal = ctm,
  year = {2000},
  volume = {4},
  pages = {535-556}
}

@ARTICLE{Dederichs_1999,
  author = {A. S. Dederichs and M. Balthasar and F. Mauss},
  title = {Modelling of NO$_x$ and soot formation in diesel combustion},
  journal = {Oil and Gas Science and Technology},
  year = {1999},
  volume = {54},
  pages = {245-249},
  file = {Dederichs_1999_Modeling_of_nox_and_soot_formation_in_diesel_conditions.pdf:Dederichs_1999_Modeling_of_nox_and_soot_formation_in_diesel_conditions.pdf:PDF}
}

@ARTICLE{Delichatsios_1986,
  author = {M. A. Delichatsios},
  title = {A simple algebraic model for turbulent wall fires},
  journal = {Proceedings of the Combustion Institute},
  year = {1986},
  volume = {21},
  pages = {53-64}
}

@ARTICLE{Delichatsios_1984,
  author = {M. A. Delichatsios},
  title = {Flame heights in turbulent wall fires with significant flame radiation},
  journal = {Combustion Science and Technology},
  year = {1984},
  volume = {39},
  pages = {195-214}
}

@ARTICLE{Desjardin_1999,
  author = {P. E. Desjardin and S. H. Frankel},
  title = {Two-dimensional large eddy simulation of soot formation in the near-field
	of a strongly radiating nonpremixed acetylene-air turbulent jet flame},
  journal = {Combustion and Flame},
  year = {1999},
  volume = {119},
  pages = {121-132},
  file = {Desjardin_1999_Frenkel_soot_kp.pdf:Desjardin_1999_Frenkel_soot_kp.pdf:PDF}
}

@ARTICLE{DiBlasi_2008,
  author = {C. DiBlasi},
  title = {Modeling chemical and physical processes of wood and biomass
  pyrolysis},
  journal = {Progress in Energy and Combustion Science},
  year = {2008},
  volume = {34},
  pages = {47-90}
}

@ARTICLE{Domingo_2002,
  author = {P. Domingo and L. Vervisch and K. Bray},
  title = {Partially premixed flamelets in LES of nonpremixed turbulent combustion},
  journal = {Combustion Theory and Modelling},
  year = {2002},
  volume = {6},
  pages = {529-551},
  file = {Domingo_2002_partially_premixed_flamelets_LES_nonpremixed.pdf:Domingo_2002_partially_premixed_flamelets_LES_nonpremixed.pdf:PDF}
}

@ARTICLE{Domingo_2008,
  author = {P. Domingo and L. Vervisch and D. Veynante},
  title = {Large-eddy simulation of a lifted methane jet flame in a vitiated
	coflow},
  journal = {Combustion and Flame},
  year = {2008},
  volume = {152},
  pages = {415-432}
}

@ARTICLE{Dreeben_2000,
  author = {T. D. Dreeben and A. R. Kerstein},
  title = {Simulation of vertical slot convection using one-dimensional turbulence},
  journal = {International Journal of Heat and Mass Transfer},
  year = {2000},
  volume = {43},
  pages = {3823-3834}
}

@BOOK{Drysdale_2011,
  title = {An Introduction to Fire Dynamics},
  publisher = {Wiley Interscience},
  year = {2011},
  author = {Drysdale, D.},
  edition = {3},
  owner = {liz},
  timestamp = {2012.04.16}
}

@ARTICLE{Du_1995,
  author = {J. Du and R. L. Axelbaum},
  title = {The effect of flame structure on soot-particle inception in diffusion
	flames},
  journal = {Combustion and Flame},
  year = {1995},
  volume = {100},
  pages = {367-375},
  file = {soot\\Du_1995_Axelbaum_soot_in_counterflow_flip_fstoic.pdf:soot\\Du_1995_Axelbaum_soot_in_counterflow_flip_fstoic.pdf:PDF}
}

@ARTICLE{Du_1990,
  author = {J. Du and R. L. Axelbaum and C. K. Law},
  title = {The influence of carbon dioxide and oxygen as additives on soot formation
	in diffusion flames},
  journal = {Proceedings of the Combustion Institute},
  year = {1990},
  volume = {23},
  pages = {1501-1507}
}
@ARTICLE{Sutherland_2015,
  author = {Goshayeshi, B and Sutherland, J.C.},
  title = {Prediction of oxy-coal flame stand-off using high-fidelity thermochemical models and the one-dimensional turbulence model},
  journal = {Proceedings of the Combustion Institute},
  year = {2015},
  volume = {35},
  pages = {2829-2837}
}

@ARTICLE{Echekki_1999,
  author = {T. Echekki and J. H. Chen},
  title = {Analysis of the contribution of curvature to premixed flame propagation},
  journal = {Combustion and Flame},
  year = {1999},
  volume = {118},
  pages = {308-311},
  file = {Ignition_extinction\\Jackie\\Echekki_1999__chen_curvature_contribution_to_premixed_flames.pdf:Ignition_extinction\\Jackie\\Echekki_1999__chen_curvature_contribution_to_premixed_flames.pdf:PDF}
}

@ARTICLE{Echekki_2001,
  author = {T. Echekki and A. R. Kerstein and T. D. Dreeben},
  title = {One-dimensional turbulence simulation of turbulent jet diffusion
	flames: model formulation and illustrative applications},
  journal = {Combustion and Flame},
  year = {2001},
  volume = {125},
  pages = {1083-1105},
  file = {ODT_LEM\\Echekki_2001_ODT_jet_diffusion_flames.pdf:ODT_LEM\\Echekki_2001_ODT_jet_diffusion_flames.pdf:PDF}
}

@INCOLLECTION{Echekki_2011,
  author = {T. Echekki and A. R. Kerstein and J. C. Sutherland},
  title = {The one-dimensional-turbulence model},
  booktitle = {Turbulent Combustion Modeling: Advances, New Trends, and Perspectives},
  publisher = {Springer-Verlag},
  year = {2011},
  editor = {T. Echekki and E. Mastorakos},
  pages = {249-276},
  address = {Heidelberg, Germany}
}
@INCOLLECTION{Menon_2011,
  author = {S. Menon and A. R. Kerstein},
  title = {The linear eddy model},
  booktitle = {Turbulent Combustion Modeling: Advances, New Trends, and Perspectives},
  publisher = {Springer-Verlag},
  year = {2011},
  editor = {T. Echekki and E. Mastorakos},
  pages = {221-244},
  address = {Heidelberg, Germany}
}

@ARTICLE{Effelsberg_1988,
  author = {E. Effelsberg and N. Peters},
  title = {Scalar dissipation rates in turbulent jets and jet diffusion flames},
  journal = {Proceedings of the Combustion Institute},
  year = {1988},
  volume = {22},
  pages = {693-700}
}

@ARTICLE{Elasrag_2007,
  author = {H. El-Asrag and T. Lu and C. K. Law and S. Menon},
  title = {Simulation of soot formation in turbulent premixed flames},
  journal = {Combustion and Flame},
  year = {2007},
  volume = {150},
  pages = {108-126}
}

@BOOK{Ferziger_2002,
  title = {Computational methods for fluid dynamics},
  publisher = {Springer Verlag},
  year = {2002},
  author = {J. H. Ferziger},
  address = {Heidelberg, Germany},
  edition = {3rd}
}

@CONFERENCE{Finney_2010,
  author = {M. A. Finney and D. Jimenez and J. D. Cohen and I. C. Grenfell and C.
	Wold},
  title = {Structure of diffusion flames from a vertical burner},
  booktitle = {VI International Conference on Forest Fire Research},
  year = {2010},
  owner = {liz},
  timestamp = {2012.01.02}
}


@ARTICLE{Frenklach_1987,
  author = {M. Frenklach and S. J. Harris},
  title = {Aerosol dynamics modeling using the method of moments},
  journal = {Journal of Colloid and INterface Science},
  year = {1987},
  volume = {118},
  pages = {252-261},
  file = {soot\\Frenklach_1987_Harris_MOM.pdf:soot\\Frenklach_1987_Harris_MOM.pdf:PDF}
}

@INCOLLECTION{Frenklach_1994,
  author = {M. Frenklach and H. Wang},
  title = {Detailed mechanism and modeling of soot particle formation},
  booktitle = {Soot Formation in Combustion},
  publisher = {Springer-Verlag},
  year = {1994},
  editor = {H. Bockhorn},
  pages = {165-196},
  address = {New York}
}

@INPROCEEDINGS{Frenklach_1994a,
  author = {M. Frenklach and H. Wang},
  title = {Detailed mechanism and modeling of soot particle formation},
  booktitle = {Soot Formation in Combustion},
  year = {1994},
  editor = {H. Bockhorn},
  pages = {165-196},
  address = {New York},
  publisher = {Springer-Verlag}
}

@ARTICLE{Frenklach_1990,
  author = {M. Frenklach and H. Wang},
  title = {Detailed modeling of soot particle nucleation and growth},
  journal = {Proceedings of the Combustion Institute},
  year = {1990},
  volume = {23},
  pages = {1559-1566}
}

@ARTICLE{Frenklach_2002,
  author = {M. Frenklach},
  title = {Method of moments with interpolative closure},
  journal = {Chemical Engineering Science},
  year = {2002},
  volume = {57},
  pages = {2229-2239}
}

@BOOK{Friedlander_1977,
  title = {Smoke Dust and Haze: Fundamentals of Aerosol Behavior},
  publisher = {John Wiley and Sons},
  year = {1977 },
  author = {S. K. Friedlander},
  address = {New York},
  edition = {First}
}

@ARTICLE{Gebauer_2008,
  author = {D. Gebauer and A. Volkel and H. Colfen},
  title = {Stable prenucleation calcium carbonate clusters},
  journal = {Science},
  year = {2008},
  volume = {322},
  pages = {1819-1822}
}

@ARTICLE{Gibson_1996,
  author = {C. H. Gibson},
  title = {Turbulence in the ocean, atmosphere, galaxy, and universe},
  journal = {Applied Mechanical Review},
  year = {1996},
  volume = {49},
  pages = {299-315}
}

@ARTICLE{Gibson_1968,
  author = {C. H. Gibson},
  title = {Fine structure of scalar fields mixed by turbulence. {I}. Zero-gradient
	points and minimal gradient surfaces},
  journal = {Physics of Fluids},
  year = {1968},
  volume = {11},
  pages = {2305-2315},
  file = {Gibson_1968_motion_of_isosurface.pdf:Gibson_1968_motion_of_isosurface.pdf:PDF}
}

@ARTICLE{Givi_1989,
  author = {P. Givi},
  title = {Model-free simulations of turbulent reactive flows},
  journal = {Progress in Energy and Combustion Science},
  year = {1989},
  volume = {15},
  pages = {1-107},
  file = {Givi_1989_PECS_review_model_free_simulations_turbulent_flows.pdf:Givi_1989_PECS_review_model_free_simulations_turbulent_flows.pdf:PDF}
}

@ARTICLE{Yilmaz_2010,
  author = {S. L. Yilmaz and M. B. Nik and P. Givi and P. A. Strakey},
  title = {Scalar filtered density function for large eddy simulation of a Bunsen burner},
  journal = {Journal of Propulsion and Power},
  year = {2010},
  volume = {26},
  pages = {84-93},
}
@ARTICLE{Villermaux_1972,
  author = {J. Villermaux and J. C. Devillon},
  title = {Repr\'{e}sentation de la coalescence et de la redispersion des domaines de s\'{e}gr\'{e}gation dans un fluide par un mod\`{e}le d'interaction ph\'{e}nom\'{e}nologique},
  journal = {Proceedings of the 2$^{nd}$ International Symposium on Chemical Reaction Engineering},
  year = {1972},
  volume = {2},
  pages = {1-13}
}
@ARTICLE{Pope_2013,
  author = {S. B. Pope},
  title = {A model for turbulent mixing based on shadow position conditioning},
  journal = physFluids,
  year = {2013},
  volume = {25},
  pages = {110803}
}
@ARTICLE{Curl_1963,
  author = {R. L. Curl},
  title = {Dispersed phase mixing: I. Theory and effects in simple reactors},
  journal = {AIChE Journal},
  year = {1963},
  volume = {9},
  pages = {175-181}
}
@ARTICLE{Janicka_1979,
  author = {J. Janicka and W. Kolbe and W. Kollmann},
  title = {Closure of the transport equation for the probability density function of turbulent scalar fields},
  journal = {Journal of Non-Equilibrium Thermodynamics},
  year = {1979},
  volume = {4},
  pages = {47-66}
}

@ARTICLE{Hong_2008,
  author = {H. Lu and W. Robert and G. Peirce and B. Ripa and L. L. Baxter},
  title = {Comprehensive study of biomass particle combustion},
  journal = {Energy and Fuels},
  year = {2008},
  volume = {22},
  pages = {2826-2839}
}

@ARTICLE{Subramaniam_1998,
  author = {S. Subramaniam and S. B. Pope},
  title = {A mixing model for turbulent reactive flows based on Euclidean minimum spanning trees},
  journal = cnf,
  year = {1998},
  volume = {115},
  pages = {487-514}
}

@ARTICLE{Givi_1991,
  author = {P. Givi and C. K. Madnia and C. J. Steinberger and M. H. Carpenter
	and J. P. Drummond},
  title = {Effects of compressiblity and heat release in a high speed reacting
	mixing layer},
  journal = {Combustion Science and Technology},
  year = {1991},
  volume = {78},
  pages = {33-67},
  file = {Givi_1991_heat_release_compressibility_effects_in_fast_mixing_layer.pdf:Givi_1991_heat_release_compressibility_effects_in_fast_mixing_layer.pdf:PDF}
}

@ARTICLE{Glassman_1988,
  author = {I. Glassman},
  title = {Soot formation in combustion processes},
  journal = {Proceedings of the Combustion Institute},
  year = {1988},
  volume = {22},
  pages = {295-311}
}

@MISC{Glawe_2015a,
  author = {C. Glawe and H. Schmidt and A. R. Kerstein and R. Klein},
  title = {XLES part I: introduction to extended large eddy simulation},
  year = {May 2015},
  note = {submitted to Journal of Computational Physics}
}

@MISC{Glawe_2015b,
  author = {C. Glawe and H. Schmidt and A. R. Kerstein and R. Klein},
  title = {XLES part II: from extended large eddy simulation to ODTLES},
  year = {May 2015},
  note = {submitted to Journal of Computational Physics}
}

@ARTICLE{Esteban_2010,
  author = {E. Gonzalez-Juez and A. R. Kerstein and D. O. Lignell},
  title = {Fluxes across double-diffusive interfaces: a one-dimensional-turbulence
	study},
  journal = jfm,
  year = {2011},
  volume = {677},
  pages = {218-254}
}
@ARTICLE{Esteban_2013,
  author = {E. D. Gonzalez-Juez and A. R. Kerstein and D. O. Lignell},
  title = {Reactive {R}ayleigh-{T}aylor turbulent mixing: {A}
  one-dimensional-turbulence study},
  journal = {Geophysical \& Astrophysical Fluid Dynamics},
  year = {2013},
  volume = {107},
  pages = {506-525}
}

1. E.D. Gonalez-Juez, A.R.Kerstein, and D.O.Lignell. Reactive Rayleigh-Taylor
turbulent mixing: a one-dimensional-turbulence study. Geophysical and Astro-
physical Fluid Dyn., pages 1-20, 2012.
@ARTICLE{Esteban_2011,
  author = {E. Gonzalez-Juez and R. C. Schmidt and A. R. Kerstein},
  title = {ODTLES simulations of wall-bounded flows},
  journal = physFluids,
  year = {2011},
  volume = {23},
  pages = {125102}
}
@ARTICLE{Zare_2008,
  author = {R. N. Zare},
  title = {The power of the question},
  journal = {Chemical and Engineering News},
  year = {2008},
  volume = {86},
  pages = {3}
}

@MISC{Cantera_new,
  author = {D. Goodwin},
  title = {Cantera, an object-oriented software toolkit for chemical kinetics,
	thermodynamics, and transport processes},
  month = {August},
  year = {2011},
  note = {\url{http://code.google.com/p/cantera}}
}

@MISC{openfoam,
  title = {{OpenFOAM}},
  year = {2013},
  note = {\url{http://www.openfoam.org}}
}
@MISC{firefoam,
  title = {{FireFOAM}},
  year = {2013},
  note = {\url{http://code.google.com/p/firefoam-dev/}}
}
@MISC{flamechallenge,
  title = {The {F}lame {C}hallenge},
  year = {2013},
  note = {\url{http://www.centerforcommunicatingscience.org/the-flame-challenge-2}}
}
@MISC{FSL,
  title = {Fulton {S}upercomputing {L}aboratory, {B}righam {Y}oung {U}niversity},
  note = {\url{http://fsl.byu.edu}}
}

@ARTICLE{Gopalakrishnan_2004,
  author = {V. Gopalakrishnan and J. Abraham},
  title = {Computed NO and soot distribution in turbulent transient jets under
	diesel conditions.},
  journal = {Combustion Science and Technology},
  year = {2004},
  volume = {176},
  pages = {603-641},
  file = {soot\\Gopalakrishnan_2004_NO_soot_diesel_conditions.pdf:soot\\Gopalakrishnan_2004_NO_soot_diesel_conditions.pdf:PDF}
}

@ARTICLE{Gordon_1968,
  author = {R. G. Gordon},
  title = {Error bounds in equilibrium statistical mechanics},
  journal = {Journal of Mathematical Physics},
  year = {1968},
  volume = {9},
  pages = {655-663},
  file = {Particles\\Gordon_1968_product_difference_algorithm.pdf:Particles\\Gordon_1968_product_difference_algorithm.pdf:PDF}
}

@ARTICLE{Gore_1992,
  author = {J. P. Gore and U. S. IP and Y. R. Sivathanu},
  title = {Coupled structure and radiation analysis of acetylene/air flames},
  journal = {Journal of Heat Transfer-Transactions of the ASME},
  year = {1992},
  volume = {114},
  pages = {487-493}
}

@INCOLLECTION{Gr$ddotmathrmo$tzbach_1987,
  author = {G. Gr$\ddot{\mathrm{o}}$tzbach},
  title = {Direct numerical and large eddy simulations of turbulent channel
	flows.},
  booktitle = {Encyclopedia of Fluid Mechanics},
  publisher = {Gulf Pub. Co.},
  year = {1987},
  editor = {N.P. Cheremisinoff},
  volume = {6},
  chapter = {34},
  pages = {1337-1391}
}

@ARTICLE{Griffiths_1995,
  author = {J. F. Griffiths},
  title = {Reduced kinetic models and their application to practical combustion
	systems},
  journal = {Progress in Energy and Combustion Science},
  year = {1995},
  volume = {21},
  pages = {25-107},
  file = {Griffiths_1995_PEC_review_reduced_kinetics.pdf:Griffiths_1995_PEC_review_reduced_kinetics.pdf:PDF}
}

@MANUAL{Grosshandler_1993,
  title = {RADCAL: a narrow-band model for radiation calculations in a combustion
	environment},
  author = {W. L. Grosshandler},
  organization = {NIST Technical Note 1402},
  year = {1993}
}

@ARTICLE{Gruenberger_2002,
  author = {T. M. Gruenberger and M. Moghiman and P. J. Bowen and N. Syred},
  title = {Dynamics of soot formation by turbulent combustion and thermal decomposition
	of natural gas},
  journal = {Combustion Science and Technology},
  year = {2002},
  volume = {174},
  pages = {67-86},
  file = {soot\\Gruenberger_2002_turbulent_soot_formation_dynamics.pdf:soot\\Gruenberger_2002_turbulent_soot_formation_dynamics.pdf:PDF}
}

@ARTICLE{Guo_2004,
  author = {H. Guo and F. Liu and G. J. Smallwood},
  title = {Soot and {NO} formation in counterflow ethylene/oxygen/nitrogen diffusion
	flames.},
  journal = {Combustion Theory and Modelling},
  year = {2004},
  volume = {8},
  pages = {475-489},
  file = {Combustion_TM\\Guo_2004_Soot_and_NO_formation_in_counterflow_ethylene-oxygen-nitrogen_diffusion_flames.pdf:Combustion_TM\\Guo_2004_Soot_and_NO_formation_in_counterflow_ethylene-oxygen-nitrogen_diffusion_flames.pdf:PDF}
}

@ARTICLE{Hack_2000,
  author = {J. J. Hack and J. A. Pedretti},
  title = {Assessment of solution uncertainties in single-column modeling frameworks},
  journal = jclimate,
  year = {2000},
  volume = {13},
  pages = {352-365}
}

@ARTICLE{Haseli_2011,
  author = {Y. Haseli and J. A. van Oijen and L. P. H. de Goey},
  title = {A simplified pyrolysis model of a biomass particle based on infinitesimally thin reaction front approximation},
  journal = {Energy and Fuels},
  year = {2011},
  volume = {26},
  pages = {3230-3243}
}
@ARTICLE{Hawkes_2012, 
  author = {E. R. Hawkes and O. Chatakonda and H. Kolla and A. R. Kerstein and J. H. Chen},
  title = {A petascale direct numerical simulation study of the modelling of flame wrinkling for large-eddy simulations in intense turbulence},
  journal = cnf,
  year = {2012},
  volume = {159},
  pages = {2690-2703}
}

@ARTICLE{Hawkes_2007a,
  author = {E. R. Hawkes and R. Sankaran and J. C. Sutherland and J. H. Chen},
  title = {Scalar mixing in direct numerical simulations of temporally-evolving
	plane jet flames with detailed {CO/H}$_2$ kinetics},
  journal = {Proceedings of the Combustion Institute},
  year = {2007},
  volume = {31},
  pages = {1633-1640},
  file = {Hawkes_2007a_DNS_scalar_mixing_temporal_jet.pdf:Hawkes_2007a_DNS_scalar_mixing_temporal_jet.pdf:PDF}
}

@CONFERENCE{Hawkes_2007,
  author = {E. R. Hawkes and R. Sankaran and J. H. Chen},
  title = {Extinction and reignition in direct numerical simulations of {CO/H}$_2$
	temporal plane jet flames},
  booktitle = {5$^{th}$ Joint US Combustion Meeting of the Combustion Institute},
  year = {2007},
  pages = {B05}
}

@ARTICLE{Haynes_1981,
  author = {B. S. Haynes and H. G. Wagner},
  title = {Soot formation},
  journal = {Progress in Energy and Combustion Science},
  year = {1981},
  volume = {7},
  pages = {229-273},
  file = {soot\\Haynes_1981_soot_review.pdf:soot\\Haynes_1981_soot_review.pdf:PDF}
}

@ARTICLE{Attili_2014,
  author = {A. Attili and F. Bisetti and M.E. Mueller and H. Pitsch},
  title = {Formation, growth, and transport of soot in a three-dimensional turbulent non-premixed jet flame},
  journal = cnf,
  year = {2014},
  volume = {161},
  pages = {1849-1865}
}
@ARTICLE{Ma_2015,
  author = {Man-Ching Ma and C. B. Devaud},
  title = {A conditional moment closure (CMC) formulation including differential diffusion applied to a non-premixed hydrogen-air flame},
  journal = cnf,
  year = {2015},
  volume = {162},
  pages = {144-158}
}

@INPROCEEDINGS{Hewson_2009a,
  author = {J. C. Hewson and A. J. Ricks and S. R. Tieszen and A. R. Kerstein and
	R. O. Fox},
  title = {On the transport of soot relative to a flame: modeling differential
	diffusion for soot evolution in fire},
  booktitle = {Combustion Generated Fine Carbonaceous Particles},
  year = {2009},
  editor = {H. Bockhorn and A. D'Anna and A.F. Sarofim and H. Wang},
  pages = {571-587},
  address = {Karlsrue Germany},
  publisher = {Karlsruhe University Press}
}

@ARTICLE{Hewson_2002,
  author = {J. C. Hewson and A. R. Kerstein},
  title = {Local extinction and reignition in nonpremixed turbulent {CO/H$_2$/N$_2$}
	jet flames.},
  journal = {Combustion Science and Technology},
  year = {2002},
  volume = {174},
  pages = {35-66},
  file = {Ignition_extinction\\Hewson_2002_kerstein_extinction_ignition_co_h2_n2_flames.pdf:Ignition_extinction\\Hewson_2002_kerstein_extinction_ignition_co_h2_n2_flames.pdf:PDF}
}

@ARTICLE{Hewson_2001,
  author = {J. C. Hewson and A. R. Kerstein},
  title = {Stochastic simulation of transport and chemical kinetics in turbulent
	{CO/H$_2$/N$_2$} flames},
  journal = {Combustion Theory and Modelling},
  year = {2001},
  volume = {5},
  pages = {669-697}
}

@CONFERENCE{Hewson_2006,
  author = {J. C. Hewson and A. J. Ricks and S. R. Tieszen and A. R. Kerstein
	and R. O. Fox},
  title = {Conditional moment closure with differential diffusion for soot evolution
	in fire},
  booktitle = {Center for Turbulence Research, Proceedings of the Summer Program},
  year = {2006},
  file = {CMC\\Hewson_2006_CTR.pdf:CMC\\Hewson_2006_CTR.pdf:PDF}
}

@CONFERENCE{Attili_2012,
  author = {A. Attili and F. Bisetti and M. E. Mueller},
  title = {DNS of soot formation and growth in turbulent non-premixed flames: Damk\"ohler number effects and Lagrangian statistics of soot transport},
  booktitle = {Center for Turbulence Research, Proceedings of the Summer Program},
  year = {2012}
}


@INPROCEEDINGS{Hewson_2009,
  author = {J. C. Hewson and A. J. Ricks and S. R. Tieszen and A. R. Kerstein
	and R. O. Fox},
  title = {On the transport of soot relative to a flame: modeling differential
	diffusion for soot evolution in fire},
  booktitle = {Combustion Generated Fine Carbonaceous Particles},
  year = {2009},
  editor = {H. Bockhorn and A. D'Anna and A. F. Sarofim and H. Wang},
  publisher = {KIT Scientific Publishing}
}

@ARTICLE{Heyl_2001,
  author = {A. Heyl and H. Bockhorn},
  title = {Flamelet modeling of NO formation in laminar and turbulent diffusion
	flames.},
  journal = {Chemosphere},
  year = {2001},
  volume = {42},
  pages = {449-462},
  file = {Flamelets\\Heyl_2001_Bockhorn_chemosphere_flmlt_laminar_turbulent.pdf:Flamelets\\Heyl_2001_Bockhorn_chemosphere_flmlt_laminar_turbulent.pdf:PDF}
}

@ARTICLE{Hilbert_2004,
  author = {R. Hilbert and F. Tap and H. el Rabii and D. Thevenin},
  title = {Impact of detailed chemistry and transport models on turbulent combustion
	simulations},
  journal = {Progress in Energy and Combustion Science},
  year = {2004},
  volume = {30},
  pages = {61-117},
  file = {Hilbert_2004_DNS_detailed_chemistry_transport_comb_rev.pdf:Hilbert_2004_DNS_detailed_chemistry_transport_comb_rev.pdf:PDF}
}

@ARTICLE{Hilbert_2002,
  author = {R. Hilbert and F. Tap and D. Veynante and D. Thevenin},
  title = {A new modelling approach for the autoignition of a nonpremixed turbulent
	flame using {DNS}},
  journal = {Proceedings of the Combustion Institute},
  year = {2002},
  volume = {29},
  pages = {2079-2085},
  file = {DNS_COMB_SYMP\\Vol_29\\Hilbert_2002_A_NEW_MODELING_APPROACH_FOR_THE_AUTOIGNITION.pdf:DNS_COMB_SYMP\\Vol_29\\Hilbert_2002_A_NEW_MODELING_APPROACH_FOR_THE_AUTOIGNITION.pdf:PDF}
}

@ARTICLE{Ho_1984,
  author = {Chih Ming Ho and Patrick Huerre},
  title = {Perturbed free shear layers},
  journal = {Annual Review of Fluid Mechanics},
  year = {1984},
  volume = {16},
  pages = {365-424},
  file = {shear_layers\\Ho_1984_annurev.fl.16.010184.pdf:shear_layers\\Ho_1984_annurev.fl.16.010184.pdf:PDF}
}

@BOOK{Hoffman_nm,
  title = {Numerical Methods for Engineers and Scientists},
  publisher = {CRC Press},
  year = {2001},
  author = {J. D. Hoffman},
  address = {New York}
}

@ARTICLE{Hu_2003,
  author = {B. Hu and B. Yang and U. O. Koylu},
  title = {Soot measurements at the axis of an ethylene/air non-premixed turbulent
	jet flame},
  journal = {Combustion and Flame},
  year = {2003},
  volume = {134},
  pages = {93-106},
  file = {soot\\Hu_2003_soot_measurements_nonpremixed_ethylene_air_jet_flame.pdf:soot\\Hu_2003_soot_measurements_nonpremixed_ethylene_air_jet_flame.pdf:PDF}
}

@ARTICLE{Hu_2005,
  author = {B. Yang and B. Hu and U. O. Koylu},
  title = {Mean soot volume fractions in turbulent hydrocarbon flames: a
  comparison of sampling and laser measurements},
  journal = {Combustion Science and Technology},
  year = {2005},
  volume = {177},
  pages = {1603-1626}
}

@ARTICLE{Hussein_1994,
  author = {H. J. Hussein and S. P. Capp and W. K. George},
  title = {Velocity measurements in a high-{R}eynolds-number, momentum-conserving, axisymmetric, turbulent jet},
  journal = {Journal of Fluid Mechanics},
  year = {1994},
  volume = {258},
  pages = {31-75}
}

@ARTICLE{Hulburt_1964,
  author = {H. M. Hulburt and S. Katz},
  title = {Some problems in particle technology},
  journal = {Chemical Engineering Science},
  year = {1964},
  volume = {19},
  pages = {555-574},
  file = {Particles\\Hulburt_1964_and_Katz.pdf:Particles\\Hulburt_1964_and_Katz.pdf:PDF}
}

@ARTICLE{Hwang_2001,
  author = {J. Y. Hwang and S. H. Chung},
  title = {Growth of soot particles in counterflow diffusion flames of ethylene},
  journal = {Combustion and Flame},
  year = {2001},
  volume = {125},
  pages = {752-762},
  file = {soot\\Hwang_2001_Growth_of_soot_particles_in_counterflow_diffusion_flames_of_ethylene.pdf:soot\\Hwang_2001_Growth_of_soot_particles_in_counterflow_diffusion_flames_of_ethylene.pdf:PDF}
}

@BOOK{Incropera_1996,
  title = {Fundamentals of Heat and Mass Transfer},
  publisher = {John Wiley and Sons},
  year = {1996},
  author = {F. P. Incropera and D. P. De{W}itt},
  address = {New York}
}

@ARTICLE{Jaberi_1997,
  author = {F. A. Jaberi and R. S. Miller and F. Mashayek and P. Givi},
  title = {Differential diffusion in binary scalar mixing and reaction},
  journal = {Combustion and Flame},
  year = {1997},
  volume = {109},
  pages = {561-577},
  file = {Jaberi_1997_DD_in_binary_scalar_mixing.pdf:Jaberi_1997_DD_in_binary_scalar_mixing.pdf:PDF}
}

@ARTICLE{Jeng_1982,
  author = {S. M. Jeng and L. D. Chen and G. M. Faeth},
  title = {The structure of bouyant methane and propane diffusion flames},
  journal = {Proceedings of the Combustion Institute},
  year = {1982},
  volume = {19},
  pages = {349-358}
}

@ARTICLE{Jimenez_2002,
  author = {C. Jimenez and B. Cuenot and T. Poinsot and D. Haworth},
  title = {Numerical simulation and modeling for lean stratified propane-air
	flames},
  journal = {Combustion and Flame},
  year = {2002},
  volume = {128},
  pages = {1-21}
}

@ARTICLE{Jozefik_2015,
  author = {Z. Jozefik and A. R. Kerstein and H. Schmidt and S. Lyra and H. Kolla and J. H. Chen},
  title = {One-dimensional turbulence modeling of a turbulent counterflow flame with comparison to {DNS}},
  journal = {Combustion and Flame},
  year = {2015},
  volume ={162},
  pages = {2999-3015}
}

@ARTICLE{Jozefik_2016,
  author = {Z. Jozefik and A. R. Kerstein and H. Schmidt},
  title = {Simulation of shock-turbulence interaction in non-reactive flow and in turbulent deflagration and detonation regimes using one-dimensional turbulence},
  journal = {Combustion and Flame},
  year = {2016},
  volume ={164},
  pages = {53-67}
}

@ARTICLE{Joulain_1996,
  author = {P. Joulain},
  title = {Convective and radiative transport in pool and wall fires: 20 years
	of research in Pointiers},
  journal = {Fire Safety Journal},
  year = {1996},
  volume = {26},
  pages = {99-149}
}

@ARTICLE{Ju_1997,
  author = {Y. Ju and H. Guo and K. Maruta and F. Liu},
  title = {On the extinction limit and flammability limit of non-adiabatic stretched
	methane�air premixed flames},
  journal = {Journal of Fluid Mechanics},
  year = {1997},
  volume = {342},
  pages = {315-334},
  file = {oppdiff\\Ju_1997_extinction.pdf:oppdiff\\Ju_1997_extinction.pdf:PDF}
}

@ARTICLE{Kadanoff_2001,
  author = {L. P. Kadanoff},
  title = {Turbulent heat flow: structures and scaling},
  journal = {Physics Today},
  year = {2001},
  volume = {54},
  pages = {34-39}
}

@ARTICLE{Kaiser_2009,
  author = {S. A. Kaiser and J. H. Frank},
  title = {Spatial scales of extinction and dissipation in the near field of
	nonpremixed turbulent jet flames},
  journal = {Proceedings of the Combustion Institute},
  year = {2009},
  volume = {32}
}

@ARTICLE{Kang_1997,
  author = {K. T. Kang and J. Y. Hwang and S. H. Chung},
  title = {Soot zone structure and sooting limit in diffusion flames: comparison
	of counterflow and coflow flames},
  journal = {Combustion and Flame},
  year = {1997},
  volume = {109},
  pages = {266-281},
  file = {soot\\Kang_1997_Hwuang_Chung_soot_zone_structure_and_sooting_limit_in_diffusion_flames_comparison_of_co_and_counter.pdf:soot\\Kang_1997_Hwuang_Chung_soot_zone_structure_and_sooting_limit_in_diffusion_flames_comparison_of_co_and_counter.pdf:PDF}
}

@ARTICLE{Karagozian_2014,
  author = {A. R. Karagozian},
  title = {The jet in crossflow},
  journal = {Physics of Fluids},
  year = {2014},
  volume = {26},
  pages = {101303}
}

@ARTICLE{Kaplan_1996,
  author = {C. R. Kaplan and C. R. Shaddix and K. C. Smyth},
  title = {Computations of enhanced soot production in time-varying CH$_4$/air
	diffusion flames},
  journal = {Combustion and Flame},
  year = {1996},
  volume = {106},
  pages = {392-405},
  file = {soot\\Kaplan_1996_Shaddix_Unsteady_flames.pdf:soot\\Kaplan_1996_Shaddix_Unsteady_flames.pdf:PDF}
}

@ARTICLE{Karpetis_2005,
  author = {A. N. Karpetis and R. S. Barlow},
  title = {Measurements of flame orientation and scalar dissipation in turbulent
	partially premixed methane flames},
  journal = {Proceedings of the Combustion Institute},
  year = {2005},
  volume = {30},
  pages = {665-672},
  file = {Karpetis_2005_measurements_flame_orientation_scalar_dissipation_rate.pdf:Karpetis_2005_measurements_flame_orientation_scalar_dissipation_rate.pdf:PDF}
}

@ARTICLE{Keck_1990,
  author = {J. C. Keck},
  title = {Rate-controlled constrained-equilibrium theory of chemical reactions
	in complex systems},
  journal = {Progress in Energy and Combustion Science},
  year = {1990},
  volume = {16},
  pages = {125-154},
  file = {Keck_1990_PEC_review_RCCE.pdf:Keck_1990_PEC_review_RCCE.pdf:PDF}
}

@MANUAL{Kee_1985,
  title = {A fortran program for modeling steady laminar one-dimensional premixed
	flames},
  author = {R. J. Kee and J. F. Grcar and M. D. Smooke and J. A. Miller },
  organization = {Tech. Rep. SAND85-8240},
  address = {Sandia National Laboratories},
  year = {1985}
}

@MANUAL{Kee_1991,
  title = {Chemkin-II: A fortran chemical kinetics package for the analysis
	of gas-phase chemical kinetics},
  author = {R. J. Kee and F. M. Rupley and J. A. Miller},
  organization = {Tech. Rep. SAND89-8009B},
  address = {Sandia National Laboratories},
  year = {1991}
}

@MANUAL{Kee_2000,
  title = {Transport},
  author = {R. J. Kee and G. Dixon-Lewis and J. Warnatz and M. E. Coltrin and
	J. A. Miller and H. K. Moffat},
  organization = {Reaction Design, Inc.},
  address = {San Diego CA},
  year = {2000},
  release = {3.6}
}

@MANUAL{Kee_2000a,
  title = {Chemkin},
  author = {R. J. Kee and F. M. Rupley and J. A. Miller},
  organization = {Reaction Design, Inc.},
  address = {San Diego CA},
  year = {2000},
  release = {3.6}
}

@ARTICLE{Kennedy_1994,
  author = {C. A. Kennedy and M. H. Carpenter},
  title = {A comparison of several new numerical methods for the simulation
	of compressible shear layers},
  journal = {Applied Numerical Mathematics},
  year = {1994},
  volume = {14},
  pages = {397-433},
  file = {Numerics\\Kennedy_1994_filters.pdf:Numerics\\Kennedy_1994_filters.pdf:PDF}
}

@ARTICLE{Kennedy_2000,
  author = {C. A. Kennedy and M. H. Carpenter and R. M. Lewis},
  title = {Low-storage, explicit Runge-Kutta schemes for the compressible
  {N}avier-{S}tokes
	equations},
  journal = {Applied Numerical Mathematics},
  year = {2000},
  volume = {35},
  pages = {177-219},
  file = {Numerics\\Kennedy_2000_RKschemes.pdf:Numerics\\Kennedy_2000_RKschemes.pdf:PDF}
}

@ARTICLE{Kennedy_1997,
  author = {I. M. Kennedy},
  title = {Models of soot formation and oxidation},
  journal = {Progress in Energy and Combustion Science},
  year = {1997},
  volume = {23},
  pages = {95-132},
  file = {Numerics\\Kennedy_1997_NASA-tp3484.pdf:Numerics\\Kennedy_1997_NASA-tp3484.pdf:PDF}
}

@ARTICLE{Kennedy_1976,
  author = {Kennedy, L. A. and Plumb, O. A.},
  title = {Prediction of bouyancy controlled turbulent wall diffusion flames},
  journal = {Proc. Combust. Inst.},
  year = {1976},
  pages = {1699-1707},
  owner = {liz},
  timestamp = {2012.01.24}
}

@ARTICLE{Kent_1986,
  author = {J. H. Kent},
  title = {A quantitative relationship between soot yield and smoke point measurements},
  journal = {Combustion and Flame},
  year = {1986},
  volume = {63},
  pages = {349-358},
  file = {soot\\Kent_1986_soot_yeild_versus_smoke_points.pdf:soot\\Kent_1986_soot_yeild_versus_smoke_points.pdf:PDF}
}

@ARTICLE{Kent_1987,
  author = {J. H. Kent and D. Honnery},
  title = {Soot and mixture fraction in turbulent diffusion flames},
  journal = {Combustion Science and Technology},
  year = {1987},
  volume = {54},
  pages = {383-397},
  file = {soot\\Kent_1987_honnery_soot_mixf.pdf:soot\\Kent_1987_honnery_soot_mixf.pdf:PDF}
}
@ARTICLE{Kerstein_2013,
  author = {A. R. Kerstein },
  title = {Hierarchical parcel swapping representation of turbulent mixing. Part 1. Formulation and scaling properties},
  journal = jstatphys,
  year = {2013},
  volume = {153},
  pages = {142-161}
}
@ARTICLE{Kerstein_2014,
  author = {A. R. Kerstein },
  title = {Hierarchical parcel swapping representation of turbulent mixing. Part 2. Application to channel flow},
  journal = jfm,
  year = {2014},
  volume = {750},
  pages = {421-463}
}

@ARTICLE{Kerstein_2009,
  author = {A. R. Kerstein },
  title = {One-dimensional turbulence stochastic simulation of multi-scale dynamics},
  journal = lectNotePhys,
  year = {2009},
  volume = {756},
  pages = {291-333}
}

@ARTICLE{Kerstein_2002,
  author = {A. R. Kerstein},
  title = {One-dimensional turbulence: a new approach to high-fidelity subgrid
	closure of turbulent flow simulations},
  journal = {Computer Physics Communications},
  year = {2002},
  volume = {148},
  pages = {1-16}
}

@ARTICLE{Kerstein_1999,
  author = {A. R. Kerstein},
  title = {One-dimensional turbulence: {M}odel formulation and application to
	homogeneous turbulence, shear flows, and buoyant stratified flows},
  journal = jfm,
  year = {1999},
  volume = {392},
  pages = {277-334}
}

@ARTICLE{Kerstein_1988,
  author = {A. R. Kerstein},
  title = {A linear-eddy model of turbulent scalar transport and mixing},
  journal = {Combustion Science and Technology},
  year = {1988},
  volume = {60},
  pages = {391-421}
}
@ARTICLE{Kerstein_1991,
  author = {A. R. Kerstein},
  title = {Linear-eddy modelling of turbulent transport. {P}art 6.
           {M}icrostructure of diffusive scalar mixing fields},
  journal = {Journal of Fluid Mechanics},
  year = {1991},
  volume = {231},
  pages = {361-394}
}

@ARTICLE{Kerstein_2001,
  author = {A. R. Kerstein and W. T. Ashurst and S. Wunsch and V. Nilsen},
  title = {One-dimensional turbulence: vector formulation and application to
	free shear flows},
  journal = {Journal of Fluid Mechanics},
  year = {2001},
  volume = {447},
  pages = {85-109}
}

@ARTICLE{Kerstein_2000,
  author = {A. R. Kerstein and T. D. Dreeben },
  title = {Prediction of turbulent free shear flow statistics using a simple
	stochastic model},
  journal = {Physics of Fluids},
  year = {2000},
  volume = {12},
  pages = {418-424}
}

@TECHREPORT{Kerstein_2001b,
  author = {A. R. Kerstein and R. C. Schmidt and S. Wunsch and W. T. Ashurst
	and V. Nilsen and T. D. Dreeben},
  title = {High-resolution modeling of multiscale transient phenomena in turbulent
	boundary layers, {SAND2001-8108}},
  institution = {Sandia National Laboratories},
  year = {2001},
  address = {Livermore, CA}
}

@ARTICLE{Kerstein_2006,
  author = {A. R. Kerstein and S. Wunsch},
  title = {Simulation of a stably stratified atmospheric boundary layer using
	one-dimensional turbulence},
  journal = blm,
  year = {2006},
  volume = {118},
  pages = {325--356}
}

@ARTICLE{Klimenko_1999,
  author = {A. Y. Klimenko and R. W. Bilger},
  title = {Conditional moment closure for turbulent combustion},
  journal = {Progress in Energy and Combustion Science},
  year = {1999},
  volume = {25},
  pages = {595-687},
  file = {CMC\\Klimenko_1999_Bilger_CMC.pdf:CMC\\Klimenko_1999_Bilger_CMC.pdf:PDF}
}

@ARTICLE{Kollmann_1994,
  author = {W. Kollmann and J. H. Chen},
  title = {Dynamics of the flame surface area in turbulent non-premixed combustion.},
  journal = {Proceedings of the Combustion Institute},
  year = {1994},
  volume = {25},
  pages = {1091-1098}
}

@ARTICLE{Koseki_1989,
  author = {H. Koseki},
  title = {Combustion properties of large liquid pool fires},
  journal = {Fire Technology},
  year = {1989},
  volume = {25},
  pages = {241-255},
  file = {Fires\\Koseki_1989_combustion_properties_of_large_liquid_pool_fires.pdf:Fires\\Koseki_1989_combustion_properties_of_large_liquid_pool_fires.pdf:PDF}
}

@PHDTHESIS{Niveditha_thesis,
  author = {N. Krishnamoorthy},
  title = {Reaction Models and Reaction State Parameterization for Turbulent
	Nonpremixed Combustion},
  school = {The University of Utah},
  year = {2008}
}

@ARTICLE{Kronenburg_1997,
  author = {A. Kronenburg and R. W. Bilger},
  title = {Modelling of differential diffusion effects in nonpremixed nonreacting
	turbulent flow},
  journal = {Physics of Fluids},
  year = {1997},
  volume = {9},
  pages = {1435-1447},
  file = {CMC\\Kronenburg_1997_diff_diff.pdf:CMC\\Kronenburg_1997_diff_diff.pdf:PDF}
}

@ARTICLE{Kronenburg_2000,
  author = {A. Kronenburg and R. W. Bilger and J. H. Kent},
  title = {Modeling soot formation in turbulent methane-air jet diffusion flames},
  journal = {Combustion and Flame},
  year = {2000},
  volume = {121},
  pages = {24-40},
  file = {CMC\\Kronenburg_2000_Soot_formation.pdf:CMC\\Kronenburg_2000_Soot_formation.pdf:PDF}
}

@ARTICLE{Kronenburg_2005,
  author = {A. Kronenburg and M. Kostka},
  title = {Modeling extinction and reignition in turbulent flames},
  journal = {Combustion and Flame},
  year = {2005},
  volume = {143},
  pages = {342-356}
}

@ARTICLE{Lam_1988,
  author = {S. H. Lam and D. A. Goussis},
  title = {Understanding complex chemical kinetics with computational singular
	perturbation},
  journal = {Proceedings of the Combustion Institute},
  year = {1988},
  volume = {22},
  pages = {931-941}
}

@ARTICLE{Lee_1995,
  author = {Y. Y. Lee and S. B. Pope},
  title = {Nonpremixed turbulent reacting flow near extinction},
  journal = {Combustion and Flame},
  year = {1995},
  volume = {101},
  pages = {501-528},
  file = {Ignition_extinction\\Lee_1995_Pope_nonpremixed_flames_near_extinction.pdf:Ignition_extinction\\Lee_1995_Pope_nonpremixed_flames_near_extinction.pdf:PDF}
}

@ARTICLE{Leonard_1991,
  author = {A. D. Leonard and J. C. Hill},
  title = {Scalar dissipation and mixing in turbulent reacting flows},
  journal = {Physics of Fluids A},
  year = {1991},
  volume = {3},
  pages = {1286},
  file = {Leonard_1991_Scalar_dissipation_and_mixing_in_turbulent_reacting_flows.pdf:Leonard_1991_Scalar_dissipation_and_mixing_in_turbulent_reacting_flows.pdf:PDF}
}

@ARTICLE{Lautenberger_2005,
  author = {C. W. Lautenberger and J. L. de Ris and N. A. Dembsey and J. R.
  Barnett and H. R. Baum},
  title = {A simplified model for soot formation and oxidation in CFD
  simulation of non-premixed hydrocarbon flames},
  journal = {Fire Safety Journal},
  year = {2005},
  volume = {40},
  pages = {141-176}
}

@ARTICLE{Leung_1991,
  author = {K. M. Leung and R. P. Lindstedt},
  title = {A Simplified Reaction Mechanism for Soot Formation in Nonpremixed
	Flames},
  journal = {Combustion and Flame},
  year = {1991},
  volume = {87},
  pages = {289-305},
  file = {soot\\Leung_1991_Lindstedt_soot_model.pdf:soot\\Leung_1991_Lindstedt_soot_model.pdf:PDF}
}

@ARTICLE{Lewis_1979,
  author = {P. A. Lewis and G. S. Shedler},
  title = {Simulation of nonhomogeneous Poisson processes by thinning},
  journal = {Naval Res. Logistics Quart.},
  year = {1979},
  volume = {26},
  pages = {403-413}
}

@CONFERENCE{Lignell_2007b,
  author = {D. O. Lignell and J. H. Chen and P. J. Smith and T. Lu and C. K. Law},
  title = {Direct numerical simulation of soot formation and transport in non-premixed
	turbulent ethylene flames},
  booktitle = {5th U.S. Combustion Meeting},
  year = {2007},
  pages = {B01},
  organization = {Joint U.S. Sections of the Combustion Institute}
}


@ARTICLE{Zhang_2011,
  author = {J. Zhang and C. R. Shaddix and R. W. Shefer},
  title = {Design of "model-friendly" turbulent non-premixed jet burners for C2+ hydrocarbon fuels},
  journal = {Review of Scientific Instruments},
  year = {2011},
  volume = {82},
  pages = {074101}
}``

@TechReport{shaddix-soot:SAND2010,
  author = 	 {C. R. Shaddix and J. Zhang and R. W. Schefer and J. Doom and J. C. Oefelein and S. Kook and L. M. Pickett and and H. Wang},
  title = 	 {Understanding and Predicting Soot Generation in Turbulent Non-Premixed Jet Flames},
  institution =  {Sandia National Laboratories},
  year = 	 {2010},
  number = 	 {SAND2010-7178}
}

@CONFERENCE{Lignell_2013_ussci,
  author = {D. O. Lignell and A. D. Lewis},
  title = {Soot formation in turbulent nonpremixed flames---comparison of ODT
  and DNS},
  booktitle = {8th U.S. National Combustion Meeting},
  year = {2013},
  pages = {070LT-0111},
  organization = {Joint U.S. Sections of the Combustion Institute}
}

@PHDTHESIS{Lignell_thesis,
  author = {D. O. Lignell},
  title = {Direct numerical simulation of soot formation in nonpremixed, turbulent
	ethylene flames},
  school = {University of Utah},
  year = {2008}
}

@CONFERENCE{Lignell_2007,
  author = {D. O. Lignell and J. H. Chen},
  title = {Direct numerical simulation of soot formation in a three-dimensional
	nonpremixed ethylene jet flame},
  booktitle = {Computational Combustion, ECCOMAS Thematic Conference, Delft, The
	Netherlands},
  year = {2007},
  editor = {D. Roekaerts and P. Coelho and B. J. Boersma and K. Claramunt},
  file = {soot\\Lignell_2007a_2D_DNS_soot.pdf:soot\\Lignell_2007a_2D_DNS_soot.pdf:PDF}
}

@ARTICLE{Lignell_2011,
  author = {D. O. Lignell and J. H. Chen and H. A. Schmutz},
  title = {Effects of {D}amk\"ohler number on flame extinction and reignition
	in turbulent nonpremixed flames using {DNS}},
  journal = cnf,
  year = {2011},
  volume = {158},
  pages = {949-963}
}

@ARTICLE{Lignell_2008,
  author = {D. O. Lignell and J. H. Chen and P. J. Smith},
  title = {Three-dimensional direct numerical simulation of soot formation and
	transport in a temporally-evolving nonpremixed ethylene jet flame},
  journal = {Combustion and Flame},
  year = {2008},
  volume = {155},
  pages = {316-333}
}

@ARTICLE{Lignell_2007a,
  author = {D. O. Lignell and J. H. Chen and P. J. Smith and T. Lu and C. K.
	Law},
  title = {The effect of flame structure on soot formation and transport in
	turbulent nonpremixed flames using direct numerical simulation},
  journal = {Combustion and Flame},
  year = {2007},
  volume = {151},
  pages = {2-28},
  file = {soot\\Lignell_2007a_2D_DNS_soot.pdf:soot\\Lignell_2007a_2D_DNS_soot.pdf:PDF}
}

@CONFERENCE{Lignell_2008a,
  author = {D. O. Lignell and J. C. Hewson and J. H. Chen},
  title = {A-priori analysis of conditional moment closure modeling of turbulent
	soot formation using direct numerical simulation},
  booktitle = {2007 Fall Meeting of the Western States Section of the Combustion
	Institute},
  pages = {07F-36}
}

@ARTICLE{Lignell_2009,
  author = {D. O. Lignell and J. C. Hewson and J. H. Chen},
  title = {A-priori analysis of conditional moment closure modeling of a temporal
	ethylene jet flame with soot formation using direct numerical simulation},
  journal = {Proceedings of the Combustion Institute},
  year = {2009},
  volume = {31},
  pages = {1491-1498}
}
@ARTICLE{Lignell_2015,
  author = {D. O. Lignell and G. C. Fredline and A. D. Lewis},
  title = {Comparison of one-dimensional turbulence and direct numerical simulations of soot formation and transport in a nonpremixed ethylene jet flame},
  journal = {Proceedings of the Combustion Institute},
  year = {2015},
  volume = {35},
  pages = {1199-1206}
}

@ARTICLE{Goshayeshi_2015,
  author = {B. Goshayeshi and James C. Sutherland},
  title = {Prediction of oxy-coal flame stand-off using high-fidelity thermochemical models and the one-dimensional turbulence model},
  journal = {Proceedings of the Combustion Institute},
  year = {2015},
  volume = {35},
  pages = {2829-2837}
}

@MISC{Lignell_2011a,
  author = {D. O. Lignell and A. R. Kerstein and G. Sun},
  title = {Mesh adaption for efficient multiscale implementation of one-dimensional
	turbulence},
  year = {July 2011},
  note = {submitted to Theoretical and Computational Fluid Dynamics}
}

@ARTICLE{Lignell_2012,
  author = {Lignell, D. O. and Kerstein, A. R. and Sun, G. and Monson, E. I.},
  title = {Mesh adaption for efficient multiscale implementation of One-Dimensional
	Turbulence},
  journal = {Theoretical and Computational Fluid Dynamics},
  year = {2012},
  owner = {liz},
  timestamp = {2012.04.16}
}
@ARTICLE{Lignell_2013,
  author = {Lignell, D. O. and Kerstein, A. R. and Sun, G. and Monson, E. I.},
  title = {Mesh adaption for efficient multiscale implementation of One-Dimensional
	Turbulence},
  journal = {Theoretical and Computational Fluid Dynamics},
  year = {2013},
  volume = {27},
  pages = {273-295}
}
@ARTICLE{Sun_2014,
  author = {Sun, G. and Lignell, D. O. and Hewson, J. C. and Gin, C. R.},
  title = {Particle dispersion in homogeneous turbulence using the one-dimensional turbulence model},
  journal = {Physics of Fluids},
  year = {2014},
  volume = {26},
  pages = {103301}
}
@ARTICLE{Sun_2017,
  author = {Sun, G. and Hewson, J. C. and Lignell, D. O.},
  title = {Evaluation of stochastic particle dispersion modeling in turbulent round jets},
  journal = {International Journal of Multiphase Flow},
  year = {2017},
  volume = {89},
  pages = {108-122}
}
@ARTICLE{Monson_2016,
  author = {Monson, E. I. and Lignell, D. O. and Werner, C. and Hintze, R. S. and Finney, M. A. and Jozefik, Z and Kerstein, A. R.},
  title = {Simulation of ethylene wall fires using the spatially-evolving one-dimensional turbulence model},
  journal = {Fire Science and Technology},
  year = {2016},
  volume = {52},
  pages = {167-196}
}

@ARTICLE{Lignell_2012b,
  author = {Lignell, D. O. and Rappleye, D.},
  title = {One-dimensional-turbulence simulation of flame extinction and
  reignition in planar ethylene jet flames},
  journal = {Combustion and Flame},
  year = {2012},
  volume = {159},
  pages = {2930-2943}
}

@ARTICLE{Lin_1996,
  author = {K. C. Lin and G. M. Faeth},
  title = {Effects of hydrodynamics on soot formation in laminar opposed-jet
	diffusion flames},
  journal = {Journal of Propulsion and Power},
  year = {1996},
  volume = {12},
  pages = {691-698},
  file = {soot\\Lin_1996_Faeth_opposed_jet_effects_of_flow_fstoic.pdf:soot\\Lin_1996_Faeth_opposed_jet_effects_of_flow_fstoic.pdf:PDF}
}

@INPROCEEDINGS{Lindstedt_1994,
  author = {P. R. Lindstedt},
  title = {Simplified soot nucleation and surface growth steps for non-premixed
	flames},
  booktitle = {Soot Formation in Combustion},
  year = {1994},
  editor = {H. Bockhorn},
  pages = {417-441},
  address = {New York},
  publisher = {Springer-Verlag}
}

@ARTICLE{Liu_2004,
  author = {F. Liu and H. Guo and G. J. Smallwood and M. {El Hafi}},
  title = {Effects of gas and soot radiation on soot formation in counterflow
	ethylene diffusion flames},
  journal = {Journal of Quantitative Spectroscopy and Radiative Transfer},
  year = {2004},
  volume = {84},
  pages = {501-511},
  file = {soot\\Liu_2004_Effects_of_gas_and_soot_radiation_on_soot_formation_in_counterflow_ethylene_diffusion_flames.pdf:soot\\Liu_2004_Effects_of_gas_and_soot_radiation_on_soot_formation_in_counterflow_ethylene_diffusion_flames.pdf:PDF}
}

@BOOK{Lomax_2004,
  title = {Fundamentals of Computational Fluid Dynamics},
  publisher = {Springer Verlag},
  year = {2004},
  author = {H. Lomax and Thomas H. Pulliam and David W. Zingg},
  address = {Heidelberg, Germany}
}
@BOOK{Lin_1988,
  title = {Mathematics Applied to Deterministic Problems in the Natural Sciences},
  publisher = {SIAM},
  year = {1988},
  author = {Lin, C. C. and Segel, L. A.},                             
  address = {Philadelphia, PA, USA}
}

@ARTICLE{Lu_2001,
  author = {T. Lu and Y. Ju and C. K. Law},
  title = {Complex CSP for chemistry reduction and analysis},
  journal = {Combustion and Flame},
  year = {2001},
  volume = {126},
  pages = {1445-1455},
  file = {Lu_2001_Complex_CSP_AIAA-2001-943-236.pdf:Lu_2001_Complex_CSP_AIAA-2001-943-236.pdf:PDF}
}

@ARTICLE{Qamar_2009,
  author = {N. H. Qamar and Z. T. Alwahabi and Q. N. Chan and G. J. Nathan and D.
  Roekaerts and K. D. King},
  title = {Soot volume fraction in a piloted turbulent jet non-premixed flame
  of natural gas},
  journal = {Combustion and Flame},
  year = {2009},
  volume = {156},
  pages = {1339-1347}
}

@ARTICLE{Lu_2006a,
  author = {T. Lu and C. K. Law},
  title = {A systematic approach to obtain analytic solution of quasi steady
	stat species in reduced mechanisms},
  journal = {Journal of Physical Chemistry A},
  year = {2006},
  volume = {110},
  pages = {13202-13208},
  file = {Lu_2006a_Law_approach_to_get_QSS_species.pdf:Lu_2006a_Law_approach_to_get_QSS_species.pdf:PDF}
}

@ARTICLE{Lu_2006,
  author = {T. Lu and C. K. Law},
  title = {On the applicability of direction relation graph to the reduction
	of reaction mechanisms},
  journal = {Combustion and Flame},
  year = {2006},
  volume = {146},
  pages = {472-483},
  file = {Lu_2006_Law_directed_relation_graphs_reduced_mechs.pdf:Lu_2006_Law_directed_relation_graphs_reduced_mechs.pdf:PDF}
}

@ARTICLE{Lu_2005,
  author = {T. Lu and C. K. Law},
  title = {A directed relation graph method for mechanism reduction},
  journal = {Proceedings of the Combustion Institute},
  year = {2005},
  volume = {30},
  pages = {1333-1341},
  file = {Lu_2005_Law_Directed_relation_graphs.pdf:Lu_2005_Law_Directed_relation_graphs.pdf:PDF}
}

@MANUAL{Lutz_1988,
  title = {SENKIN: A fortran program for predicting homogeneous gas phase chemical
	kinetics with sensitivity analysis},
  author = {A. E. Lutz and R. J. Kee and J. A. Miller},
  organization = {Tech. Rep. SAND87-8248},
  address = {Sandia National Laboratories},
  year = {1988}
}

@ARTICLE{Maas_1992,
  author = {U. Maas and S. B. Pope},
  title = {Simplifying chemical kinetics: intrinsic low-dimensional manifolds
	in composition space},
  journal = {Combustion and Flame},
  year = {1992},
  volume = {88},
  pages = {239-264},
  file = {ildm\\Maas_1992_ILDM.pdf:ildm\\Maas_1992_ILDM.pdf:PDF}
}

@ARTICLE{Magnussen_1977,
  author = {B. F. Magnussen and B. H. Hjertager},
  title = {On mathematical models of turbulent combustion with special emphasis
	on soot formation and combustion},
  journal = {Proceedings of the Combustion Institute},
  year = {1977},
  volume = {16},
  pages = {719-729}
}

@ARTICLE{Mahalingam_1995,
  author = {S. Mahalingam and J. H. Chen and L. Vervisch},
  title = {Finite-rate chemistry and transient effects in direct numerical simulations
	of turbulent nonpremixed flames},
  journal = {Combustion and Flame},
  year = {1995},
  volume = {102},
  pages = {285-297},
  file = {DNS_COMB_SYMP\\Mahalingam_1995_DNS_finite_rate_chem_nonpremixed.pdf:DNS_COMB_SYMP\\Mahalingam_1995_DNS_finite_rate_chem_nonpremixed.pdf:PDF}
}

@ARTICLE{Marchisio_2005,
  author = {D. L. Marchisio and R. O. fox},
  title = {Solution of population balance equations using the quadrature
  method of moments},
  journal = {Aerosol Science},
  year = {2005},
  volume = {36},
  pages = {43-73}
}

@ARTICLE{Marchisio_2009,
  author = {D. L. Marchisio and A. A. Barresi},
  title = {Investigation of soot formation in turbulent flames with a
  pseudo-bivariate population balance model},
  journal = {Chemical Engineering Science},
  year = {2009},
  volume = {64},
  pages = {294-303}
}

@ARTICLE{Markstein_1992,
  author = {G. H. Markstein and J. De Ris},
  title = {Wall-fire radiant emission--part 2: radiation and heat transfer from
	porous-metal wall burner flames},
  journal = {Proc. Combust. Inst.},
  year = {1992},
  volume = {24},
  pages = {1747-1752}
}
@ARTICLE{Mueller_2009,
  author = {M. E. Mueller and G. Blanquart and H. Pitsch},
  title = {Hybrid method of moments for modeling soot formation and growth},
  journal = {Combustion and Flame},
  year = {2009},
  volume = {156},
  pages = {1143-1155}
}

@ARTICLE{Goldschmidt_1973,
  author = {V. W. Goldschmidt and P. Bradshaw},
  title = {Flapping of a plane jet},
  journal = {Physics of Fluids},
  year = {1973},
  volume = {16},
  pages = {354-355}
}

@ARTICLE{Mueller_2011,
  author = {M. E. Mueller and H. Pitsch},
  title = {Large eddy simulation subfilter modeling of soot-turbulence
  interactions},
  journal = {Physics of Fluids},
  year = {2011},
  volume = {23},
  pages = {115104}
}
@ARTICLE{Mueller_2012,
  author = {M. E. Mueller and H. Pitsch},
  title = {{LES} model for sooting turbulent nonpremixed flames},
  journal = {Combustion and Flame},
  year = {2012},
  volume = {159},
  pages = {2166-2180}
}
@ARTICLE{DAnna_2008,
  author = {A. D'Anna and J. H. Kent},
  title = {A model of particulate and species formation applied to laminar,
  nonpremixed flames for three aliphatic-hydrocarbon fuels},
  journal = {Combustion and Flame},
  year = {2008},
  volume = {152},
  pages = {573-587}
}
@ARTICLE{Bhatt_2009,
  author = {J. S. Bhatt and R. P. Lindstedt},
  title = {Analysis of the impact of aggolomeration and surface chemistry
  models on soot formation and oxidation},
  journal = {Proceedings of the Combustion Institute},
  year = {2009},
  volume = {32},
  pages = {713-720}
}
@ARTICLE{Netzell_2007,
  author = {K. Netzell and H. Lehtiniemi and F. Mauss},
  title = {Calculating the soot particle size distribution function in
  turbulent diffusion flames using a sectional method},
  journal = {Proceedings of the Combustion Institute},
  year = {2007},
  volume = {31},
  pages = {667-674}
}


@ARTICLE{Marzouk_2000,
  author = {Y. M. Marzouk and A. F. Ghoniem and H. N. Najm},
  title = {Dynamic response of strained premixed flames to equivalence ratio
	gradients},
  journal = {Proceedings of the Combustion Institute},
  year = {2000},
  volume = {28},
  pages = {1859-1866}
}

@ARTICLE{Masri_1990,
  author = {A. R. Masri and Bilger R. W.},
  title = {The local structure of turbulent nonpremixed flames near extinction},
  journal = {Combustion and Flame},
  year = {1990},
  volume = {81},
  pages = {260-276},
  file = {Ignition_extinction\\Masri_1990_local_structure_of_turbulent_nonpremixed_flames_near_extinction.pdf:Ignition_extinction\\Masri_1990_local_structure_of_turbulent_nonpremixed_flames_near_extinction.pdf:PDF}
}

@PHDTHESIS{McDermott_thesis,
  author = {R. J. McDermott},
  title = {Toward one-dimensional turbulence subgrid closure for large-eddy
	simulation},
  school = {The University of Utah},
  year = {2005}
}

@ARTICLE{McDermott_2007,
  author = {R. J. McDermott and S. B. Pope},
  title = {A particle formulation for treating differential diffusion in filtered density function methods},
  journal = {Journal of Computational Physics},
  year = {2007},
  volume = {226},
  pages = {947-993}
}
@ARTICLE{McGraw_1997,
  author = {R. McGraw},
  title = {Description of aerosol dynamics by the quadrature method of moments},
  journal = {Aerosol Science and Technology},
  year = {1997},
  volume = {25},
  pages = {255-265},
  file = {Particles\\McGraw_1997_QMOM.pdf:Particles\\McGraw_1997_QMOM.pdf:PDF}
}

@ARTICLE{McMurtry_1985,
  author = {P. A. McMurtry and W. H. Jou and J. J. Riley and R. W. Metcalfe},
  title = {Direct numerical simulations of a reacting mixing layer with chemical
	heat release},
  journal = {AIAA Journal},
  year = {1985},
  volume = {24},
  pages = {962-970},
  file = {McMurtry_1985.pdf:McMurtry_1985.pdf:PDF}
}

@ARTICLE{McMurtry_1992,
  author = {P. A. McMurtry and S. Menon and A. R. Kerstein},
  title = {A linear eddy subgrid model for turbulent reacting flows: Application
	to hydrogen-air combustion},
  journal = {Proceedings of the Combustion Institute},
  year = {1992},
  volume = {24},
  pages = {271-278}
}

@ARTICLE{Mehta_2009,
  author = {R. S. Mehta and D. C. Haworth and M. F. Modest},
  title = {An assessment of gas-phase reaction mechanisms and soot models for
	laminar atmospheric-pressure ethylene-air flames},
  journal = {Proceedings of the Combustion Institute},
  year = {2009},
  volume = {32},
  pages = {1327-1334}
}

@ARTICLE{Mell_1993,
  author = {W. E. Mell and V. Nilsen and G. Kosaly and J. J. Riley},
  title = {Direct numerical simulation investigation of the conditional moment
	closure model for nonpremixed turbulent reacting flows},
  journal = {Combustion Science and Technology},
  year = {1993},
  volume = {91},
  pages = {179-186},
  file = {Cook_1997_refs\\Mell_1993_Investigation_of_closure_models_dns.pdf:Cook_1997_refs\\Mell_1993_Investigation_of_closure_models_dns.pdf:PDF}
}

@ARTICLE{Michalke_1964,
  author = {A. Michalke},
  title = {Instability of the hyperbolic-tangent velocity profile},
  journal = {Journal of Fluid Mechanics},
  year = {1964},
  volume = {19},
  pages = {543-556},
  file = {turbulence\\Michalke_1964_tanh_instability.pdf:turbulence\\Michalke_1964_tanh_instability.pdf:PDF}
}

@ARTICLE{Mikofski_2007,
  author = {M. A. Mikofski and T. C. Williams and C. R. Shaddix and A. C. Fernandez-Pello
	and L. G. Blevins},
  title = {Structure of laminar sooting inverse diffusion flames},
  journal = {Combustion and Flame},
  year = {2007},
  volume = {149},
  pages = {463-478},
  file = {soot\\Mikofski_2007_Williams_Shaddix_others_structure_laminar_inverse_diffusion_flames.pdf:soot\\Mikofski_2007_Williams_Shaddix_others_structure_laminar_inverse_diffusion_flames.pdf:PDF}
}

@ARTICLE{Miller_1994,
  author = {R. S. Miller and C. K. Madnia and P. Givi},
  title = {Sturcture of a turbulent reacting mixing layer},
  journal = {Combustion Science and Technology},
  year = {1994},
  volume = {99},
  pages = {1-36},
  file = {Miller_1994_structure_reacting_mixing_layer.pdf:Miller_1994_structure_reacting_mixing_layer.pdf:PDF}
}

@ARTICLE{Mitler_1990,
  author = {Mitler, H. E.},
  title = {Predicting the spread reates of fires on vertical surfaces},
  journal = {Proc. Combust. Inst.},
  year = {1990},
  volume = {23},
  pages = {1715-1721},
  owner = {liz},
  timestamp = {2012.01.30}
}

@ARTICLE{Mizobuchi_2002,
  author = {Y. Mizobuchi and S. Tachibana and J. Shinio and S. Ogawa},
  title = {A numerical analysis of the structure of a turbulent hydrogen jet
	lifted flame},
  journal = {Proceedings of the Combustion Institute},
  year = {2002},
  volume = {29},
  pages = {2009-2015},
  file = {DNS_COMB_SYMP\\Vol_29\\Mizobuchi_2002_A_numerical_analysis_of_the_structure_of_a_turbulent_H2_jet_lifted_flame.pdf:DNS_COMB_SYMP\\Vol_29\\Mizobuchi_2002_A_numerical_analysis_of_the_structure_of_a_turbulent_H2_jet_lifted_flame.pdf:PDF}
}

@BOOK{Modest_1993,
  title = {Radiative Heat Transfer},
  publisher = {McGraw-Hill},
  year = {1993},
  author = {Michael F. Modest},
  address = {New York}
}

@ARTICLE{Montgomery_1993,
  author = {C. J. Montgomery and G. Kosaly and J. J. Riley},
  title = {Direct numerical simulation of turbulent reacting flow using a reduced
	hydrogen-oxygen mechanism},
  journal = {Combustion and Flame},
  year = {1993},
  volume = {95},
  pages = {247-260},
  file = {DNS_COMB_SYMP\\Montgomery_1993_DNS_reduced_hydrogen.pdf:DNS_COMB_SYMP\\Montgomery_1993_DNS_reduced_hydrogen.pdf:PDF}
}

@ARTICLE{Montgomery_1997,
  author = {C. J. Montgomery and G. Kosaly and J. J. Riley},
  title = {Direct numerical solution of turbulent nonpremixed combustion with
	multistep hydrogen-oxygen kinetics},
  journal = {Combustion and Flame},
  year = {1997},
  volume = {109},
  pages = {113-144},
  file = {DNS_COMB_SYMP\\Montgomery_1997_DNS_nonpremixed_hydrogen.pdf:DNS_COMB_SYMP\\Montgomery_1997_DNS_nonpremixed_hydrogen.pdf:PDF}
}

@ARTICLE{Morvan_2001,
  author = {D. Morvan and B. Porterie and J. C. Loraud and M. Larini},
  title = {A numerical investigation of cross wind effects on a turbulent buoyant
	diffusion flame},
  journal = {Combustion Science and Technology},
  year = {2001},
  volume = {164},
  pages = {1-35},
  file = {Morvan_2001_jet_in_cross_wind.pdf:Morvan_2001_jet_in_cross_wind.pdf:PDF}
}

@ARTICLE{Moser_1999,
  author = {R. D. Moser and J. Kim and N. N. Mansour},
  title = {Direct numerical simulation of turbulent channel flow up to {Re}$_\tau$=590},
  journal = {Physics of Fluids},
  year = {1999},
  volume = {11},
  pages = {943-945},
  note = {{http://turbulence.ices.utexas.edu/MKM\_1999.html}}
}

@ARTICLE{Mueller_1999,
  author = {M. A. Mueller and T. J. Kim and R. A. Yetter and F. L. Dryer},
  title = {Flow reactor studies and kinetic modeling of the H$_2$/O$_2$ reaction},
  journal = {International Journal of Chemical Kinetics},
  year = {1999},
  volume = {31},
  pages = {113-125},
  file = {Mueller_1999_hydrogen_reactor_kinetics.pdf:Mueller_1999_hydrogen_reactor_kinetics.pdf:PDF}
}

@ARTICLE{Nagle_1962,
  author = {J. Nagle and R. F. {Strickland-Constable}},
  title = {Oxidation of carbon between 1000-2000 $^o${C}.},
  journal = {Proc. of the 5th Carbon Conference},
  year = {1962},
  volume = {1},
  pages = {154-164}
}

@ARTICLE{Nunn_1985,
  author = {T. R. Nunn and J. B. Howard and J. P. Longwell and W. A. Peters},
  title = {Product compositions and kinetics in the rapid pyrolysis of sweet
  gum hardwood},
  journal = {Industrial and Engineering Chemistry Process Design and
  Development},
  year = {1985},
  volume = {24},
  pages = {836-844}
}

@INBOOK{Neoh_1981,
  pages = {261-282},
  title = {Soot oxidation in flames},
  publisher = {Plenum Pub Corp},
  year = {1981},
  editor = {D.C. Siegla and G.W. Smith},
  author = {K. G. Neoh and J. B. Howard and A. F. Sarofim},
  address = {New York},
  booktitle = {Particulate Carbon: Formation During Combustion}
}
@INBOOK{ARCHES,
  pages = {69-127},
  title = {Heat transfer to objects in pool fires},
  publisher = {WIT Press},
  year = {2008},
  editor = {B. Sunden and M. Faghri},
  author = {J. Spinti and J. Thornock and E. Eddings and P. Smith and A.
  Sarofim},
  address = {Southampton, UK},
  booktitle = {Transport Phenomena in Fires}
}

@PHDTHESIS{Nguyen_2003,
  author = {Diem-Phuong Ngoc Nguyen},
  title = {Lower dimensional manifold (LDM) reaction modelling applied to turbulent
	combustion simulations},
  school = {University of Utah},
  year = {2003}
}

@ARTICLE{Oevermann_2008,
  author = {M. Oevermann and H. Schmidt and A. R. Kerstein},
  title = {Investigation of autoignition under thermal stratification using
	linear eddy modeling},
  journal = cnf,
  year = {2008},
  volume = {155},
  pages = {370-379}
}

@ARTICLE{Ogino_1987,
  author = {T. Ogino and T. Suzuki and K. Sawada},
  title = {The formation and transformation mechanism of calcium carbonate in
	water},
  journal = {Geochimica et Cosmochimica Acta},
  year = {1987},
  volume = {51},
  pages = {2757-2767}
}

@ARTICLE{Overholt_1999,
  author = {M. R. Overholt and S. B. Pope},
  title = {Direct numerical simulation of a statistically stationary turbulent
	reacting flow},
  journal = {Combustion Theory and Modelling},
  year = {1999},
  volume = {3},
  pages = {371-408}
}

@ARTICLE{Sripakagorn_2004,
  author = {P. Sripakagorn, G. Kosaly and J. J. Riley},
  title = {Investigation of the influence of the Reynolds number on extinction
	and reignition},
  journal = {Combustion and Flame},
  year = {2004},
  volume = {136},
  pages = {351-363}
}

@ARTICLE{Pantano_2004,
  author = {C. Pantano},
  title = {Direct numerical simulation of nonpremixed flame extinction in a
	methane-air jet with reduced chemistry},
  journal = {Journal of Fluid Mechanics},
  year = {2004},
  volume = {514},
  pages = {231-270}
}

@ARTICLE{Pantano_2003,
  author = {C. Pantano and S. Sarkar and F. A. Williams},
  title = {Mixing of a conservered scalar in a turbulent reacting shear layer},
  journal = {Journal of Fluid Mechanics},
  year = {2003},
  volume = {481},
  pages = {291-328},
  file = {Pantano_2003a_reconstruction_subgrid_model.pdf:Pantano_2003a_reconstruction_subgrid_model.pdf:PDF}
}

@BOOK{Panton_1997,
  title = {Incompressible Flow},
  publisher = {Wiley-Interscience},
  year = {1997},
  author = {Ronald L. Panton},
  address = {New York},
  edition = {2}
}

@BOOK{Papoulis_2002,
  title = {Probability, Random Variables, and Stochastic Processes},
  publisher = {McGraw-Hill},
  year = {2002},
  author = {A. Papoulis and S. Unnikrishna Pillai},
  address = {New York},
  edition = {fourth}
}

@ARTICLE{Passot_1987,
  author = {T. Passot and A. Pouquet},
  title = {Numerical simulation of compressible homogeneous flows in the turbulent
	regime},
  journal = {Journal of Fluid Mechanics},
  year = {1987},
  volume = {181},
  pages = {441-466},
  file = {Passot_1987_pouquet_turbulence_spectrum.pdf:Passot_1987_pouquet_turbulence_spectrum.pdf:PDF}
}

@BOOK{Peters_2000,
  title = {Turbulent Combustion},
  publisher = {Cambridge University Press},
  year = {2000},
  author = {N. Peters},
  address = {Cambridge, United Kingdom}
}

@ARTICLE{Peters_1984,
  author = {N. Peters},
  title = {Laminar Diffusion Flamelet Models in Non-Premixed Turbulent Combustion},
  journal = {Progress in Energy and Combustion Science},
  year = {1984},
  volume = {10},
  pages = {319-339},
  file = {Flamelets\\Peters_1984_PEC_review_LDF_nonpremixed_combustion.pdf:Flamelets\\Peters_1984_PEC_review_LDF_nonpremixed_combustion.pdf:PDF}
}

@ARTICLE{Coelho_2007,
  author = {P. J. Coelho},
  title = {Numerical simulation of the interaction between turbulence and
  radiation in reactive flows},
  journal = {Progress in Energy and Combustion Science},
  year = {2007},
  volume = {33},
  pages = {311-383}
}

@ARTICLE{Peters_1983,
  author = {N. Peters},
  title = {Locals Quenching Due to Flame Stretch and Non-Premixed Turbulent
	Combustion},
  journal = {Combustion Science and Technology},
  year = {1983},
  volume = {30},
  pages = {1-17},
  file = {Peters_1983_quenching_due_to_stretch.pdf:Peters_1983_quenching_due_to_stretch.pdf:PDF}
}

@TECHREPORT{Petzold_1982,
  author = {L. R. Petzold},
  title = {A description of DASSL: A differential/algebraic system solver, SAND82-8637.},
  institution = {Sandia National Laboratories},
  year = {1982},
  address = {Livermore, CA}
}

@TECHREPORT{CADS,
  author = {H. K. Moffat},
  title = {CADS Cantera Aerosol Dynamics Simulator, SAND2007-4216},
  institution = {Sandia National Laboratories},
  year = {2007},
  address = {Albuquerque, NM}
}

@BOOK{Peyret_2000,
  title = {Spectral methods for incompressible viscous flow},
  publisher = {Springer Verlag},
  year = {2000},
  author = {Roger Peyret},
  address = {Heidelberg, Germany}
}

@ARTICLE{Pickett_2002,
  author = {L. M. Pickett and J. B. Ghandhi},
  title = {Combustion generated instabilities in a hydrocarbon-air planar mixing
	layer.},
  journal = {Combustion and Flame},
  year = {2002},
  volume = {129},
  pages = {324-341},
  file = {shear_layers\\Pickett_2002_experimental_shear_flames.pdf:shear_layers\\Pickett_2002_experimental_shear_flames.pdf:PDF}
}

@ARTICLE{Pickett_2003,
  author = {L. M. Pickett and J. B. Ghandhi},
  title = {Structure of a reacting hydrocarbon-air planar mixing layer},
  journal = {Combustion and Flame},
  year = {2003},
  volume = {132},
  pages = {138-156},
  file = {shear_layers\\Pickett_2003_experimental_shear_flames.pdf:shear_layers\\Pickett_2003_experimental_shear_flames.pdf:PDF}
}

@ARTICLE{Pierce_2004,
  author = {C. D. Pierce and P. Moin},
  title = {Progress-variable approach for large-eddy simulation of non-premixed
	turbulent combustion},
  journal = {Journal of Fluid Mechanics},
  year = {2004},
  volume = {504},
  pages = {73-97},
  file = {Pierce_2004_moin_prog_var_rxn_model.pdf:Pierce_2004_moin_prog_var_rxn_model.pdf:PDF}
}

@ARTICLE{Piomelli_1999,
  author = {U. Piomelli},
  title = {Large-eddy simulation: achievements and challenges},
  journal = {Progress in Aerospace Sciences},
  year = {1999},
  volume = {35},
  pages = {335-362}
}

@ARTICLE{Piomelli_2002,
  author = {U. Piomelli and E. Balaras},
  title = {Wall-Layer Models for Large-Eddy Simulations},
  journal = {Annual Review of Fluid Mechanics},
  year = {2002},
  volume = {34},
  pages = {349-374},
  file = {Piomelli_2002_WALL-LAYERMODELS_FOR_LES.pdf:Piomelli_2002_WALL-LAYERMODELS_FOR_LES.pdf:PDF}
}

@ARTICLE{Piomelli_1989,
  author = {U. Piomelli and J. Ferziger and P. Moin},
  title = {New approximate boundary conditions for large eddy simulations of
	wall-bounded flows},
  journal = {Physics of Fluids A},
  year = {1989},
  volume = {1},
  pages = {1061-1068},
  file = {Piomelli_1989_LES_wall_models.pdf:Piomelli_1989_LES_wall_models.pdf:PDF}
}

@ARTICLE{Pitsch_1998,
  author = {H. Pitsch and M. Chen and N. Peters},
  title = {Unsteady flamelet modelling of turbulent hydrogen-air diffusion flames},
  journal = {Proceedings of the Combustion Institute},
  year = {1998},
  volume = {27},
  pages = {1057-1064},
  file = {Flamelets\\Pitsch_1998a_consistent_flamelets_diffdiff.pdf:Flamelets\\Pitsch_1998a_consistent_flamelets_diffdiff.pdf:PDF}
}

@ARTICLE{Pitsch_1998a,
  author = {H. Pitsch and N. Peters},
  title = {A Consistent Flamelet Formulation for Non-Premixed Combusion Considering
	Differential Diffusion Effects},
  journal = {Combustion and Flame},
  year = {1998},
  volume = {114},
  pages = {26-40},
  file = {Flamelets\\Pitsch_1998a_consistent_flamelets_diffdiff.pdf:Flamelets\\Pitsch_1998a_consistent_flamelets_diffdiff.pdf:PDF}
}

@ARTICLE{Pitsch_2000,
  author = {H. Pitsch and E. Riesmeier and N. Peters},
  title = {Unsteady flamelet modelling of soot formation in turbulent diffusion
	flames},
  journal = {Combustion Science and Technology},
  year = {2000},
  volume = {158},
  pages = {389-406},
  file = {Flamelets\\Pitsch_2000a_ULFM_DD.pdf:Flamelets\\Pitsch_2000a_ULFM_DD.pdf:PDF}
}

@ARTICLE{Pitts_1991,
  author = {W. M. Pitts},
  title = {Wind effects on fires},
  journal = {Progress in Energy and Combustion Science},
  year = {1991},
  volume = {17},
  pages = {83-134},
  owner = {liz},
  timestamp = {2012.01.02}
}

@ARTICLE{Pope_2004,
  author = {S. B. Pope},
  title = {Ten questions concerning the large-eddy simulation of turbulent flows},
  journal = {New Journal of Physics},
  year = {2004},
  volume = {6},
}

@ARTICLE{Pope_1988,
  author = {S. B. Pope},
  title = {The evolution of surfaces in turbulence},
  journal = {International Journal of Engineering Sciences},
  year = {1988},
  volume = {26},
  pages = {445-469},
  file = {Pope_1988_evolution_of_surfaces_in_turbulence.pdf:Pope_1988_evolution_of_surfaces_in_turbulence.pdf:PDF}
}

@ARTICLE{Pope_1997,
  author = {S. B. Pope},
  title = {Computationally efficient implementation of combustion chemistry
  using \emph{in situ} adaptive tabulation},
  journal = {Combustion Theory and Modelling},
  year = {1997},
  volume = {1},
  pages = {41-63}
}

@BOOK{Pope_2000,
  title = {Turbulent Flows},
  publisher = {Cambridge University Press},
  year = {2000},
  author = {S. B. Pope},
  address = {New York}
}


@ARTICLE{Pratsinis_1987,
  author = {S. E. Pratsinis},
  title = {Simultaneous nucleation, condensation, and coagulation in aerosol
	reactors},
  journal = {Journal of Colloid and INterface Science},
  year = {1987},
  volume = {124},
  pages = {416-427},
  file = {soot\\MOM\\Pratsinis_1987_MOM_Lognormal.pdf:soot\\MOM\\Pratsinis_1987_MOM_Lognormal.pdf:PDF}
}

@BOOK{Press_1997,
  title = {Numerical Recipes in Fortran 77: The Art of Scientific Computing},
  publisher = {Press Syndicate of the University of Cambridge},
  year = {1997},
  author = {W. H. Press and S. A. Teukolsky and W. T. Vetterling and B. P. Flannery},
  address = {New York, NY}
}

@ARTICLE{Punati_2011,
  author = {N. Punati and J. C. Sutherland and A. R. Kerstein and E. R. Hawkes
	and J. H. Chen},
  title = {An evaluation of the one-dimensional turbulence model: Comparison
	with direct numerical simulations of {CO/H$_2$} jets with extinction
	and reignition},
  journal = {Proceedings of the Combustion Institute},
  year = {2011},
  volume = {33},
  pages = {1515-1522}
}

@ARTICLE{Strang_1968,
author={G. Strang},
title={On the construction and comparison of difference schemes},
journal={SIAM Journal of Numerical Analysis},
year={1968},
volume={5},
pages={506-517}
}

@ARTICLE{Qin_2000,
  author = {Z. Qin and V. V. Lissianski and H. Yang and W. C. Gardiner and S.
	G. Davis and H. Wang},
  title = {Combustion chemistry of propane: a case study of detailed reaction
	mechanism optimization},
  journal = {Proceedings of the Combustion Institute},
  year = {2000},
  volume = {28},
  pages = {1663-1669},
  file = {Qin_2000_propane_combustion_chemistry.pdf:Qin_2000_propane_combustion_chemistry.pdf:PDF}
}

@ARTICLE{Quintiere_1981,
  author = {Quintiere, J. G.},
  title = {An approach to modeling wall fire spread in a room},
  journal = {Fire Safety Journal},
  year = {1981},
  volume = {3},
  pages = {201-214},
  owner = {liz},
  timestamp = {2012.01.30}
}

@ARTICLE{Ramshaw_1985,
  author = {J. D. Ramshaw and P. J. O'Rouke and L. R. Stein},
  title = {Pressure gradient scaling method for fluid flow with nearly uniform
	pressure},
  journal = {Journal of Computational Physics},
  year = {1985},
  volume = {58},
  pages = {361-376}
}
@ARTICLE{Rehm_1978,
  author = {R. G. Rehm and H. R. Baum},                            
  title = {The equations of motion for thermally driven buoyant flows},
  journal = {Journal of Research of the National Bureau of Standards},
  year = {1978},
  volume = {83},
  pages = {297-308}
}

@ARTICLE{Ranganath_2008,
  author = {B. Ranganath and T. Echekki},
  title = {One-dimensional turbulence-based closure with extinction and reignition},
  journal = {Combustion and Flame},
  year = {2008},
  volume = {154},
  pages = {23-46}
}

@ARTICLE{Ranganath_2006,
  author = {B. Ranganath and T. Echekki},
  title = {One-dimensional turbulence-based closure for turbulent non-premixed
	flames},
  journal = {Progress in Computational Fluid Dynamics},
  year = {2006},
  volume = {6},
  pages = {409-418}
}

@PHDTHESIS{Rawat_1997,
  author = {Rajesh Rawat},
  title = {Modelling finite-rate chemistry in turbulent reacting flows},
  school = {University of Utah},
  year = {1997}
}

@CONFERENCE{Richardson_2008,
  author = {E. S. Richardson and J. H. Chen},
  title = {Direct numerical simulation and analysis of stratified turbulent
	methane-air flames},
  year = {2008},
  organization = {TNF Workshop, Montreal, Canada}
}

@ARTICLE{Ricks_2010,
  author = {A. J. Ricks and J. C. Hewson and A. R. Kerstein and J. P. Gore and
	S. R. Tieszen and W. T. Ashurst},
  title = {A spatially developing one-dimensional turbulence ({ODT}) study of
	soot and enthalpy evolution in meter-scale buoyant turbulent flames},
  journal = cst,
  year = {2010},
  volume = {182},
  pages = {60-101}
}

@ARTICLE{Riley_1986,
  author = {J. J. Riley and R. W. Metcalfe and S. A. Orszag},
  title = {Direct numerical simulations of chemically reacting turbulent mixing
	layers},
  journal = {Physics of Fluids},
  year = {1986},
  volume = {29},
  pages = {406-422},
  file = {DNS_COMB_SYMP\\Riley_1986_DNS_turbulent_mixing_layers.pdf:DNS_COMB_SYMP\\Riley_1986_DNS_turbulent_mixing_layers.pdf:PDF}
}

@ARTICLE{Mitarai_2004,
  author = {S. Mitarai, G. Kosaly and J. J. Riley},
  title = {A new Lagrangian flamelet model for local flame extinction and reignition},
  journal = {Combustion and Flame},
  year = {2004},
  volume = {137},
  pages = {306-319}
}

@BOOK{Sagaut_2006,
  title = {Large Eddy Simulation for Incompressible Flows},
  publisher = {Springer},
  year = {2006},
  author = {P. Sagaut},
  address = {Heidelberg, Germany},
  edition = {3rd}
}

@INCOLLECTION{Sandham_2002,
  author = {Neil D. Sandham},
  title = {Introduction to direct numerical simulation},
  booktitle = {Closure strategies for turbulent and transitional flows},
  publisher = {Cambridge University Press},
  year = {2002},
  editor = {Brian Launder and Neil Sandham},
  chapter = {7},
  pages = {248-266}
}

@INCOLLECTION{Binder_1981,
  author = {G. Binder and M. Favre-{M}arinet},
  title = {Some characteristics of pulsating or flapping jets},
  booktitle = {Unsteady turbulent shear flows},
  publisher = {Springer},
  year = {1981},
  editor = {R. Michel and J. Cousteix and R. Houdeville},
  pages = {370-379}
}

@INCOLLECTION{Gotoh_2013,
    author = {T. Gotoh and P.K. Yeung},
  title = {Passive scalar transport in turbulence: a computational perspective},
  booktitle = {Ten Chapters in Turbulence},
  publisher = {Cambridge},
  year = {2013},
  editor = {P.A. Davidson and Y. Kaneda and K. Sreenivasan},
  pages = {87-124}
}

@INCOLLECTION{Pinton_2013,
    author = {B.L. Sawford and J.F. Pinton},
    title = {A {L}agrangian view of turbulent dispersion and mixing},
  booktitle = {Ten Chapters in Turbulence},
  publisher = {Cambridge},
  year = {2013},
  editor = {P.A. Davidson and Y. Kaneda and K. Sreenivasan},
  pages = {132-175}
}

@ARTICLE{Sankaran_2007a,
  author = {R. Sankaran and E. R. Hawkes and J. H. Chen and T. Lu and C. K. Law},
  title = {Structure of a spatially-developing lean CH$_4$/air turbulent bunsen
	flame},
  journal = {Proceedings of the Combustion Institute},
  year = {2007},
  volume = {31},
  pages = {1291-1298}
}

@CONFERENCE{Sankaran_2007,
  author = {R. Sankaran and E. R. Hawkes and C. S. Yoo and J. H. Chen and T.
	Lu and C. K. Law},
  title = {Direct numerical simulation of stationary lean premixed methane-air
	flames under intense turbulence},
  booktitle = {5$^{th}$ Joint US Combustion Meeting of the Combustion Institute,
	San Diego, March 2007}
}

@ARTICLE{Sankaran_2005,
  author = {R. Sankaran and H. G. Im and E. R. Hawkes and J. H. Chen},
  title = {The effects of non-uniform temperature distribution on the ignition
	of a lean homogeneous hydrogen-air mixture},
  journal = {Proceedings of the Combustion Institute},
  year = {2005},
  volume = {30},
  pages = {875-882},
  file = {Ignition_extinction\\Sankaran_2005_Im_Hawkes_Chen_nonuniform_temperature_ignition.pdf:Ignition_extinction\\Sankaran_2005_Im_Hawkes_Chen_nonuniform_temperature_ignition.pdf:PDF}
}

@PHDTHESIS{Vaidya_thesis,
  author = {V. Sankaran},
  title = {Combustion Modeling for Compressible Two-Phase Reacting Flows},
  school = {Georgia Institute of Technology},
  year = {2003}
}

@BOOK{Schlichting_2000,
  title = {Boundary-Layer Theory},
  publisher = {Springer-Verlag},
  year = {2000 },
  author = {H. Schlichting and K. Gersten},
  address = {Heidelberg, Germany},
  edition = {Eighth}
}

@CONFERENCE{Schmidt_2004,
  author = {J. R. Schmidt and J. O. L. Wendt and A. R. Kerstein},
  title = {Prediction of particle laden turbulent channel flow using one dimensional
	turbulence},
  booktitle = {Proceedins of the IUTAM Symposium on Computational Approaches to
	Disperse Multiphase Flow, Argonne, IL},
  year = {October 2004}
}

@ARTICLE{Schmidt_2009,
  author = {J. R. Schmidt and J. O. L. Wendt and A. R. Kerstein},
  title = { Non-equilibrium wall deposition of inertial particles in turbulent
  flow},
  journal = {Journal of Statistical Physics},
  year = {2009},
  volume = {137},
  pages = {233-257}
}
@ARTICLE{Schmidt_2013,
  author = {H. Schmidt and A. R. Kerstein and S. Wunsch and R. N\'ed\'elec and B. J. Sayler},
  title = {Analysis and numerical simulation of a laboratory analog of radiatively induced cloud-top entrainment},
  journal = {Theoretical and Computational Fluid Dynamics},
  year = {2013},
  volume = {27},
  pages = {377-395}
}

@TECHREPORT{Schmidt_2005,
  author = {R. C. Schmidt and R. McDermott and A. R. Kerstein},
  title = {{ODTLES}: {A} model for {3D} turbulent flow based on one-dimensional
	turbulence modeling concepts, {SAND2005-0206}},
  institution = {Sandia National Laboratories},
  year = {2005},
  address = {Livermore, CA}
}

@ARTICLE{Schmidt_2010,
  author = {R. C. Schmidt and A. R. Kerstein and R. McDermott},
  title = { {ODTLES}: {A} multi-scale model for {3D} turbulent flow based on one-dimensional
	turbulence modeling},
  journal = {Computer Methods in Applied Mechanics and Engineering},
  year = {2010},
  volume = {199},
  pages = {865-880}
}

@ARTICLE{Schmidt_2003,
  author = {R. C. Schmidt and A. R. Kerstein and S. Wunsch and V. Nilsen},
  title = {Near-wall {LES} closure based on one-dimensional turbulence modeling},
  journal = {Journal of Computational Physics},
  year = {2003},
  volume = {186},
  pages = {317-355},
  file = {ODT_LEM\\Schmidt_2003_ODT_wall_models.pdf:ODT_LEM\\Schmidt_2003_ODT_wall_models.pdf:PDF}
}

@ARTICLE{Schumann_1975,
  author = {U. Schumann},
  title = {Subgrid scale model for finite difference simulations of turbulent
	flows in plane channels and annuli},
  journal = {Journal of Computational Physics},
  year = {1975},
  volume = {18},
  pages = {376-404}
}

@ARTICLE{Shaddix_2005,
  author = {C. R. Shaddix and T. C. Williams and L. G. Blevins and R. W. Schefer},
  title = {Flame structure of steady and pulsed sooting inverse jet diffusion
	flames},
  journal = {Proceedings of the Combustion Institute},
  year = {2005},
  volume = {30},
  pages = {1501-1508},
  file = {Shaddix_2005_Flame_structure_of_steady_and_pulsed_sooting_inverse_jet_diffusion_flames.pdf:Shaddix_2005_Flame_structure_of_steady_and_pulsed_sooting_inverse_jet_diffusion_flames.pdf:PDF}
}

@CONFERENCE{Shaddix_1999,
  author = {C. R. Shaddix},
  title = {Correcting thermocouple measurements for radiation loss: a critical review},
  booktitle = {NHTC99-282, 33rd National Heat Transfer Conference},
  note = {Albuquerque, NM, (1999)}
}

@ARTICLE{Shaw_1999,
  author = {J. J. Shah and R. O. Fox},
  title = {Computational fluid dynamics simulation of chemical reactors: application
	of in situ adaptive tabulation to methane thermochlorination chemistry},
  journal = {Ind. Eng. Chem. Res.},
  year = {1999},
  volume = {38},
  pages = {4200-4212}
}

@CONFERENCE{Shihn_2004,
  author = {H. Shihn and P. E. DesJardin},
  title = {Near-wall modeling for vertical wall fires using one-dimensional
	turbulence},
  booktitle = {Proceedings of IMECE04 ASME International Mechanical Engineering
	Congress and Exposition, Anaheim, CA},
  year = {November 13-20, 2004}
}

@ARTICLE{Shihn_2007,
  author = {H. Shihn and P. E. DesJardin},
  title = {Near-wall modeling of an isothermal vertical wall using one-dimensional
	turbulence},
  journal = {International Journal of Heat and Mass Transfer},
  year = {2007},
  volume = {50},
  pages = {1314-1327}
}

@ARTICLE{Siggia_1994,
  author = {E. D. Siggia},
  title = {High Rayleigh number convection},
  journal = {Annual Review of Fluid Mechanics},
  year = {1994},
  volume = {26},
  pages = {137-168}
}

@BOOK{Smith_1996,
  title = {Introduction to Chemical Engineering Thermodynamics},
  publisher = {McGraw-Hill},
  year = {1996},
  author = {J. M. Smith and H. C. van Ness and M. M. Abbott},
  address = {New York},
  edition = {Fifth}
}

@ARTICLE{Smooke_2004,
  author = {M. D. Smooke and R. J. Hall and M. B. Colket and J. Fielding and
	M. B. Long and C. S. McEnally and L. D. Pfefferle},
  title = {Investigation of the transition from lightly sooting towards heavily
	sooting co-flow ethylene diffusion flames.},
  journal = {Combustion Theory and Modelling},
  year = {2004},
  volume = {8},
  pages = {593-606},
  file = {soot\\Smooke_2004_CTM.pdf:soot\\Smooke_2004_CTM.pdf:PDF}
}

@ARTICLE{Smooke_1999,
  author = {M. D. Smooke and C. S. McEnally and L. D. Pfefferle},
  title = {Computational and experimental study of soot formation in a coflow,
	laminar diffusion flame},
  journal = {Combustion and Flame},
  year = {1999},
  volume = {117},
  pages = {117-139},
  file = {soot\\Smooke_1999_Computational_and_Experimental_Study_of_Soot_Formation_in_a_Coflow_Laminar_diffusion_flame.pdf:soot\\Smooke_1999_Computational_and_Experimental_Study_of_Soot_Formation_in_a_Coflow_Laminar_diffusion_flame.pdf:PDF}
}

@BOOK{Smoot_1985,
  title = {Coal combustion and gasification},
  publisher = {Plenum Publishing Corp.},
  year = {1985},
  author = {L. D. Smoot and P. J. Smith},
  address = {New York}
}

@ARTICLE{Sreedhara_2002,
  author = {S. Sreedhara and K. N. Lakshmisha},
  title = {Autoignition in a nonpremixed medium: {DNS} studies on the effects
	of three-dimensional turbulence},
  journal = {Proceedings of the Combustion Institute},
  year = {2002},
  volume = {29},
  pages = {2067-2077},
  file = {DNS_COMB_SYMP\\Vol_29\\Sreedhara_2002a_AUTOIGNITION_IN_A_NON-PREMIXED_MEDIUM_DNS_STUDIES_ON_THE.pdf:DNS_COMB_SYMP\\Vol_29\\Sreedhara_2002a_AUTOIGNITION_IN_A_NON-PREMIXED_MEDIUM_DNS_STUDIES_ON_THE.pdf:PDF}
}

@ARTICLE{Steinhaus_2007,
  author = {T. Steinhaus and S. Welch and R. O. Carvel and J. L. Torero},
  title = {Large-scale pool fires},
  journal = {Thermal Science},
  year = {2007},
  volume = {11},
  pages = {101-118},
  file = {Fires\\Steinhaus_2007_poolfires.pdf:Fires\\Steinhaus_2007_poolfires.pdf:PDF}
}

@BOOK{Stull_1988,
  title = {An Introductio to Boundary Layer Meteorology},
  publisher = {Kluwer},
  year = {1988},
  author = {R. B. Stull},
  address = {Dordrecht, The Netherlands},
  edition = {First}
}

@BOOK{Stumm_1996,
  title = {Aquatic Chemistry},
  publisher = {Wiley Interscience},
  year = {1996},
  author = {W. Stumm and J. J. Morgan},
  address = {New York}
}

@ARTICLE{Su_2003,
  author = {L. K. Su and N. T. Clemens},
  title = {The structure of fine-scale scalar mixing in gas-phase planar turbulent
	jets},
  journal = {Journal of Fluid Mechanics},
  year = {2003},
  volume = {488},
  pages = {1-29},
  file = {Jet_Mixing\\Su_2003_Clemens_scalar_mixing_planar_jet.pdf:Jet_Mixing\\Su_2003_Clemens_scalar_mixing_planar_jet.pdf:PDF}
}

@ARTICLE{Gastine_2015,
  author = {T. Gastine and J. Wicht and J. M. Aurnou},
  title = {Turbulent {R}ayleigh-{B}enard convection in spherical shells},
  journal = {Journal of Fluid Mechanics},
  year = {2015},
  volume = {778},
  pages = {721-764},
}

@PHDTHESIS{Sutherland_2004,
  author = {J. C. Sutherland},
  title = {Evaluation of Mixing and Reaction Models for Large-Eddy Simulation
	of Nonpremixed Combustion Using Direct Numerical Simulation},
  school = {University of Utah},
  year = {2004},
  file = {Sutherland\\Sutherland_2004_notes_on_diffusion_transport.pdf:Sutherland\\Sutherland_2004_notes_on_diffusion_transport.pdf:PDF}
}

@ARTICLE{Sutherland_2003,
  author = {J. C. Sutherland and C. A. Kennedy},
  title = {Improved boundary conditions for viscous reacting compressible flows},
  journal = {Journal of Computational Physics},
  year = {2003},
  volume = {191},
  pages = {502-524},
  file = {Sutherland_2003_flamelets_show.pdf:Sutherland_2003_flamelets_show.pdf:PDF}
}

@ARTICLE{Sutherland_2007,
  author = {J. C. Sutherland and P. J. Smith and J. H. Chen},
  title = {A quantitative method for a priori evaluation of combustion reaction
	models},
  journal = {Combustion Theory and Modelling},
  year = {2007},
  volume = {11},
  pages = {287-303}
}

@ARTICLE{Sutherland_2005,
  author = {J. C. Sutherland and P. J. Smith and J. H. Chen},
  title = {Quantification of differential diffuion in nonpremixed systems},
  journal = {Combustion Theory and Modelling},
  year = {2005},
  volume = {9},
  pages = {365-383},
  file = {Sutherland_2005_diffdiff.pdf:Sutherland_2005_diffdiff.pdf:PDF}
}

@ARTICLE{Tamanini_1979,
  author = {Tamanini, F.},
  title = {A numerical model for the prediction of radiation-controlled turbulent
	wall fires},
  journal = {Proc. Combust. Inst.},
  year = {1979},
  volume = {17},
  pages = {1075-1085},
  owner = {liz},
  timestamp = {2012.01.30}
}

@BOOK{Taylor_1993,
  title = {Multicomponent Mass Transfer},
  publisher = {John Wiley and Sons, Inc.},
  year = {1993},
  author = {Ross Taylor and R. Krishna},
  address = {New York}
}

@ARTICLE{Thevenin_2002,
  author = {D. Thevenin and O. Gicquel and J. {de Charentrenay} and R. Hilbert
	and D. Veynante},
  title = {Two- versus three-dimensional direct simulations of turbulent methane
	flame kernels using realistic chemistry},
  journal = {Proceedings of the Combustion Institute},
  year = {2002},
  volume = {29},
  pages = {2031-2039},
  file = {DNS_COMB_SYMP\\Vol_29\\Thevenin_2002_TWO-_VERSUS_THREE-DIMENSIONAL_DIRECT_SIMULATIONS_OF.pdf:DNS_COMB_SYMP\\Vol_29\\Thevenin_2002_TWO-_VERSUS_THREE-DIMENSIONAL_DIRECT_SIMULATIONS_OF.pdf:PDF}
}

@INCOLLECTION{Thevenin_1997,
  author = {D. Thevenin and E. van Kalmthout and S. Candel},
  title = {Two-dimensional direct numerical simulations of turbulent diffusion
	flames using detailed chemistry},
  booktitle = {Direct and large eddy simulation II},
  publisher = {Dordrecht: Kluwer Academic Publishers},
  year = {1997},
  editor = {J.P. Chollet and P.R. Voke and L. Kleiser},
  pages = {343-354}
}

@ARTICLE{Tsuji_1989,
  author = {Tsuji and Nagano},
  title = {Velocity and temperature measurements in a natural convection boundary
	layer along a vertical flat plate},
  journal = {Experimental Thermal and Fluid Science},
  year = {1989},
  volume = {2},
  pages = {208-215},
  owner = {liz},
  timestamp = {2011.06.27}
}

@BOOK{Turns_2000,
  title = {An Introduction to Combustion},
  publisher = {McGraw-Hill},
  year = {2000},
  author = {Stephen R. Turns},
  address = {New York},
  edition = {2nd}
}

@ARTICLE{Van_1998,
  author = {E. {Van Kalmouth} and D. Veynante},
  title = {Direct numerical simulations analysis of flame surface density models
	for nonpremixed combustion},
  journal = {Physics of Fluids},
  year = {1998},
  volume = {10},
  pages = {2347},
  file = {DNS_COMB_SYMP\\Van_1998_VanKalmthout_DNS_flame_surface_density.pdf:DNS_COMB_SYMP\\Van_1998_VanKalmthout_DNS_flame_surface_density.pdf:PDF}
}

@ARTICLE{Vandsburger_1984,
  author = {U. Vandsburger and I. Kennedy and I. Glassman},
  title = {Sooting counterflow diffusion flames with varying oxygen index},
  journal = {Combustion Science and Technology},
  year = {1984},
  volume = {39},
  pages = {263-285},
  file = {soot\\Vandsburger_1984_Sooting_counterflow_diffusion_flames_vary_oxygen.pdf:soot\\Vandsburger_1984_Sooting_counterflow_diffusion_flames_vary_oxygen.pdf:PDF}
}

@ARTICLE{Vemury_1995,
  author = {S. Vemury and S. E. Pratsinis},
  title = {Self-preserving size distributions of agglomerates},
  journal = {Journal of Aerosol Science},
  year = {1995},
  volume = {26},
  pages = {175-185},
  file = {Particles\\Vemury_1995_Pratsinis_self_preserving_size_distributions.pdf:Particles\\Vemury_1995_Pratsinis_self_preserving_size_distributions.pdf:PDF}
}

@ARTICLE{Vervisch_2000,
  author = {Luc Vervisch},
  title = {Using numerics to help the understanding of non-premixed turbulent
	flames},
  journal = {Proceedings of the Combustion Institute},
  year = {2000},
  volume = {28},
  pages = {11-24},
  file = {Vervisch_2000_nonpremixed_combustion_review.pdf:Vervisch_2000_nonpremixed_combustion_review.pdf:PDF}
}

@ARTICLE{Vervisch_1998,
  author = {Luc Vervisch and Thierry Poinsot},
  title = {Direct numerical simulation of non-premixed turbulent flames},
  journal = {Annual Review of Fluid Mechanics},
  year = {1998},
  volume = {30},
  pages = {655-691},
  file = {Vervisch_1998_Poinsot_DIRECT_NUMERICAL_SIMULATION_of_non_premixed_turbulent_flames.pdf:Vervisch_1998_Poinsot_DIRECT_NUMERICAL_SIMULATION_of_non_premixed_turbulent_flames.pdf:PDF}
}

@ARTICLE{Wang_2002,
  author = {Wang, H. Y. and Coutin, M. and Most, J. M.},
  title = {Large-eddy-simulation of buoyancy-driven fire propagation behind
	a pyrolysis zone along a vertical wall},
  journal = {Fire Safety Journal},
  year = {2002},
  volume = {37},
  pages = {259-284},
  owner = {liz},
  timestamp = {2012.01.27}
}

@ARTICLE{Wang_1996,
  author = {H. Wang and D. X. Du and C. J. Sung and C. K. Law},
  title = {Experiments and numerical simulation on soot formation in opposed-jet
	ethylene diffusion flames},
  journal = {Proceedings of the Combustion Institute},
  year = {1996},
  volume = {26},
  pages = {2359-2368},
  file = {soot\\H_Wang_exp_sim\\Wang_1996_Du_Sung_Law_26th_symp_exp_num_soot_opposed_c2h4_diff_flame.pdf:soot\\H_Wang_exp_sim\\Wang_1996_Du_Sung_Law_26th_symp_exp_num_soot_opposed_c2h4_diff_flame.pdf:PDF}
}

@ARTICLE{Wang_2005,
  author = {L. Wang and D. C. Haworth and S. R. Turns and M. F. Modest},
  title = {Interactions among soot, thermal radiation, and NO$_x$ emissions
	in oxygen-enriched turbulent nonpremixed flames: a computationl fluid
	dynamics modelling study},
  journal = {Combustion and Flame},
  year = {2005},
  volume = {141},
  pages = {170-179},
  file = {soot\\Wang_2005_soot_NOx_radiation_turbulent_flame.pdf:soot\\Wang_2005_soot_NOx_radiation_turbulent_flame.pdf:PDF}
}

@ARTICLE{Warhaft_1984,
  author = {Z. Warhaft},
  title = {The interference of thermal fields from line sources in grid turbulence},
  journal = jfm,
  year = {1984},
  volume = {144},
  pages = {363-387}
}
@ARTICLE{Haworth_2010,
  author = {D. C. Haworth},
  title = {Progress in probability density function methods for turbulent reacting flows},
  journal = pecs,
  year = {2010},
  volume = {36},
  pages = {168-259}
}

@ARTICLE{Weber_1991,
  author = {R. O. Weber},
  title = {fire spread through fuel beds},
  journal = {Progress in Energy and Combustion},
  year = {1991},
  volume = {17},
  pages = {67-82},
  owner = {liz},
  timestamp = {2012.04.16}
}

@ARTICLE{Weinberg_1975,
  author = {F. J. Weinberg},
  title = {The first half-million years of combustion research and today's burning
	problems},
  journal = {Progress in Energy and Combustion Science},
  year = {1975},
  volume = {1},
  pages = {17-31},
  file = {Weinberg_1975_PECS_review_first_half_million_years_of_combustion.pdf:Weinberg_1975_PECS_review_first_half_million_years_of_combustion.pdf:PDF}
}

@ARTICLE{Weiss_1995,
  author = {J. M. Weiss and W. A. Smith},
  title = {Preconditioning applied to variable and constant density flows},
  journal = {AIAA Journal},
  year = {1995},
  volume = {33},
  pages = {2050-2057}
}

@ARTICLE{Westbrook_1981,
  author = {C. K. Westbrook and F. L. Dryer},
  title = {Simplified reaction mechanisms for the oxidation of hydrocarbon fuels
	in flames},
  journal = {Combustion Science and Technology},
  year = {1981},
  volume = {27},
  pages = {31-43},
  file = {Westbrook_1981_simplified_hydrocarbon_mechanisms.pdf:Westbrook_1981_simplified_hydrocarbon_mechanisms.pdf:PDF}
}

@PHDTHESIS{Weydahl_2010,
  author = {Torleif Weydahl},
  title = {A framework for mixing-reaction closure with the linear eddy model},
  school = {Norwegian University of Science and Technology},
  year = {2010}
}

@ARTICLE{Wolf_1989,
  author = {M. Wolf and O. Breitkopf and R. Puk},
  title = {Solubility of calcite in different electrolytes at temperatures between
	10 and 60 $^o$C and CO$_2$ partial pressures of about 1 kPa},
  journal = {Chemical Geology},
  year = {1989},
  volume = {76},
  pages = {391-301}
}

@ARTICLE{Wunsch_2001,
  author = {S. Wunsch and A. Kerstein},
  title = {A model for layer formation in stably stratified turbulence},
  journal = {Physics of Fluids},
  year = {2001},
  volume = {13},
  pages = {702-712}
}

@ARTICLE{Wunsch_2005,
  author = {S. Wunsch and A. R. Kerstein},
  title = {A stochastic model for high {R}ayleigh-number convection},
  journal = {Journal of Fluid Mechanics},
  year = {2005},
  volume = {528},
  pages = {173-205}
}

@ARTICLE{Yamashitia_1996,
  author = {H. Yamashita and M. Shimada and T. Takeno},
  title = {A numerical study on flame stability at the transition point of jet
	diffusion flames},
  journal = {Proceedings of the Combustion Institute},
  year = {1996},
  volume = {26},
  pages = {27-34}
}

@ARTICLE{Yan_1999,
  author = {Z. Yan and G. Holmstedt},
  title = {Three-dimensional computation of heat transfer from flames between
	vertical parallel walls},
  journal = {Combustion and Flame},
  year = {1999},
  volume = {117},
  pages = {574-588},
  file = {Yan_1999_3D_flame_wall_heat_transfer.pdf:Yan_1999_3D_flame_wall_heat_transfer.pdf:PDF}
}

@ARTICLE{Yedinak_2010,
  author = {K. Yedinak and J. D. Cohen and J. Forthofer and M. Finney},
  title = {An examination of flame shape related to convection heat transfer
	in deep-fuel beds},
  journal = {International Journal of Wildland Fire},
  year = {2010},
  volume = {19},
  pages = {171-178}
}

@ARTICLE{Yetter_1991,
  author = {R. A. Yetter and F. L. Dryer and H. Rabitz},
  title = {A comprehensive reaction mechanism for carbon-monoxide hydrogen oxygen
	kinetics },
  journal = {Combustion Science and Technology},
  year = {1991},
  volume = {79},
  pages = {97-128},
  file = {Yetter_1991_hydrogen_mechanism.pdf:Yetter_1991_hydrogen_mechanism.pdf:PDF}
}

@CONFERENCE{Yoo_2007b,
  author = {C. S. Yoo and J. H. Chen and R. Sankaran},
  title = {{DNS} of turbulent lifted hydrogen/air jet flame in heated coflow},
  booktitle = {Computational Combustion, ECCOMAS Thematic Conference, Delft, The
	Netherlands},
  year = {2007},
  editor = {D. Roekaerts and P. Coelho and B. J. Boersma and K. Claramunt}
}

@ARTICLE{Yoo_2007,
  author = {C. S. Yoo and H. G. Im},
  title = {Transient soot dynamics in turbulent nonpremixed ethylene-air counterflow
	flames},
  journal = {Proceedings of the Combustion Institute},
  year = {2007},
  volume = {31},
  pages = {701-708},
  file = {soot\\Yoo_2007_2d_counterflow_soot.pdf:soot\\Yoo_2007_2d_counterflow_soot.pdf:PDF}
}

@ARTICLE{Young_1995,
  author = {K. J. Young and J. B. Moss},
  title = {Modelling sooting turbulent jet flames using an extended flamelet
	technique},
  journal = {Combustion Science and Technology},
  year = {1995},
  volume = {105},
  pages = {33-53},
  file = {Flamelets\\Young_1995_moss.pdf:Flamelets\\Young_1995_moss.pdf:PDF}
}
@ARTICLE{Young_1991,
  author = {K.J. Young and C.D. Stewart and K.J. Syed and J.B. Moss},
  title = {Soot formation in confined turbulent flames fuelled by
  pre-vaporised kerosine and by ethylene},
  journal = {Proceedings of the Tenth ISABE Meeting, AIAA},
  year = {1991},
  volume = {10},
  pages = {239}
}

@ARTICLE{Yunardi_2008,
  author = {Yunardi and R. M. Woolley and M. Fairweather},
  title = {Conditional moment closure prediction of soot formation in turbulent
	nonpremixed ethylene flames},
  journal = {Combustion and Flame},
  year = {2008},
  volume = {152},
  pages = {360-376}
}

@ARTICLE{Zeldovich_1980,
  author = {Y. B. Zeldovich},
  title = {Regime classification of an exothermic reaction with nonuniform initial
	conditions},
  journal = {Combustion and Flame},
  year = {1980},
  volume = {39},
  pages = {211-214},
  file = {Ignition_extinction\\Zeldovich_1980_regime_classification_exothermic_reactions.pdf:Ignition_extinction\\Zeldovich_1980_regime_classification_exothermic_reactions.pdf:PDF}
}

@ARTICLE{Zhao_2003,
  author = {B. Zhao and Z. Yang and J. Wang and M. V. Johnston and H. Wang},
  title = {Analysis of soot nanoparticles in a laminar premixed ethylene flame
	by scanning mobility particle sizer},
  journal = {Aerosol Science and Technology},
  year = {2003},
  volume = {37},
  pages = {611-620},
  file = {soot\\Zhao_2003_soot_nanoparticles_size_dist_exp_premixed.pdf:soot\\Zhao_2003_soot_nanoparticles_size_dist_exp_premixed.pdf:PDF}
}
@ARTICLE{Zucca_2007,
  author = {A. Zucca and D. L. Marchisio and M. Vanni and A. A. Barresi},
  title = {Validation of bivariate DQMOM for nanoparticle processes
  simulation},
  journal = {AICHE Journal},
  year = {2007},
  volume = {53},
  pages = {918-931}
}
@ARTICLE{Zucca_2006,
  author = {A. Zucca and D. L. Marchisio and A. A. Barresi and R. O. Fox},
  title = {Implementation of the population balance equation in CFD codes for
  modelling soot formation in turbulent flames},
  journal = {Chemical Engineering Science},
  year = {2006},
  volume = {61},
  pages = {87-95}
}

@ARTICLE{Donde_2013,
  author = {P. Donde and V. Raman and M. E. Mueller and H. Pitsch},
  title = {{LES/PDF} based modeling of soot-turbulence interactions in
  turbulent flames},
  journal = {Proceedings of the Combustion Institute},
  year = {2013},
  volume = {34},
  pages = {1183-1192}
}
@ARTICLE{Zimberg_1998,
  author = {M. J. Zimberg and S. H. Frankel and J. P. Gore and Y. R. Sivathanu},
  title = {A study of coupled turbulent mixing, soot chemistry, and radiation
  effects using the linear eddy model},
  journal = {Combustion and Flame},
  year = {1998},
  volume = {113},
  pages = {454-469}
}

@ARTICLE{Zheng_2007,
  author = {X. L. Zheng and T. Lu and C. K. Law},
  title = {Experimental counterflow ignition temperatures and reaction mechanisms
	of 1,3-butadiene},
  journal = {Proceedings of the Combustion Institute},
  year = {2007},
  volume = {31},
  pages = {367-375},
  file = {Zheng_2007_experimental_counterflow_ignition_temperatures.pdf:Zheng_2007_experimental_counterflow_ignition_temperatures.pdf:PDF}
}

@OTHER{_,
  file = {Bray_1996_the_challenge_of_turbulent_combustion.pdf:Bray_1996_the_challenge_of_turbulent_combustion.pdf:PDF},
  note = {Personal communication with Chun Sang Yoo, Sandia National Laboratories,
	Livermore CA March, 2006}
}

@OTHER{_,
  file = {Alazard_1000_Low_Mach.pdf:Alazard_1000_Low_Mach.pdf:PDF},
  note = { Juan C. del Alamo, ``Statistics from DNS of Turbulent channel flow
	in very large numerical boxes at Re$_\tau$ = 180-550,'' School of
	Aeronautics, Madrid, Spain, Accessed November 30, 2004, URL: {\url{http://torroja.dmt.upm.es/ftp/channels/}}
	}
}

@OTHER{_a,
  file = {Amos_1968_Computation_with_splines_and_b-splines_sand78-1968.pdf:Amos_1968_Computation_with_splines_and_b-splines_sand78-1968.pdf:PDF},
  note = { F. A. Williams and coworkers, ``Chemical-Kinetic Mechanisms for
	Combustion Applications'' Center for Energy Research, University
	of California, San Diego, URL: {\url{http://maemail.ucsd.edu/combustion/cermech/}}
	}
}

@OTHER{_b,
  file = {Amos_1968_Computation_with_splines_and_b-splines_sand78-1968.pdf:Amos_1968_Computation_with_splines_and_b-splines_sand78-1968.pdf:PDF},
  note = {Personal communication with Evatt Hawkes, Sandia National Laboratories,
	Livermore CA June, 2005}
}

@OTHER{_d,
  file = {Bilger_1976_structure_of_diffusion_flames.pdf:Bilger_1976_structure_of_diffusion_flames.pdf:PDF},
  note = { U.S. Department of Energy, "2002 Annual Energy Review," DOE/EIA-0384,
	2002, URL: {\url{http://www.eia.doe.gov/bookshelf.html}} }
}

@OTHER{_e,
  file = {Cha_2001_Kosaly_extinction_reignition.pdf:Cha_2001_Kosaly_extinction_reignition.pdf:PDF},
  note = {Oppdif: A program for computing opposed-flow diffusion flames, Reaction
	Design, OPP-036-1 Chemkin COllection Release 3.6, Sept. 2000. }
}

@OTHER{_g,
  file = {Lovins_2004_Oil_end_game.pdf:Lovins_2004_Oil_end_game.pdf:PDF},
  note = {Heat transfer in pool fires workshop, April 12-13, 2005, CRF, Sandia
	National Laboratories, Livermore, California}
}

@OTHER{BYU_chemlab,
  note = { Virtual ChemLab, Y Science Laboratories, Brigham Young University,
	2010, {http://chemlab.byu.edu}}
}

@OTHER{Cantera,
  note = {D. Goodwin, "Cantera, An object-oriented software toolkit for chemical
	kinetics, thermodynamics, and transport processes," Caltech, Pasadena
	CA, 2009. {\url{http://code.google.com/p/cantera/}}}
}

@OTHER{Rogallo_1981,
  note = {R.S. Rogallo, "Numerical experiments in homogeneous turbulence," 
	NASA Technical Memorantum 81315, September 1981.}
}

@OTHER{DOE_2008,
  note = { U.S. Department of Energy, Annual Energy Review 2008, DOE/EIA-0384
	2008, {{http://www.eia.doe.gov/emeu/aer/overview.html}}, Posted June
	26, 2009 }
}
@OTHER{DOE_2012,
  note = { U.S. Department of Energy, Annual Energy Review 2012, DOE/EIA-0384(2011), {{http://www.eia.gov/totalenergy/data/annual/pdf/aer.pdf}, Posted September 27, 2012.}
}
}

@OTHER{Starccm,
  note = {Star-CCM+, {\url{http://www.cd-adapco.com/products/star-ccm}}}
}

@OTHER{doxygen,
  note = {Doxygen, a software documentation system, {{http://www.stack.nl/$\sim$dimitri/doxygen/}}}
}

@OTHER{grimech,
  note = {Gregory P. Smith, David M. Golden, Michael Frenklach, Nigel W. Moriarty,
	Boris Eiteneer, Mikhail Goldenberg, C. Thomas Bowman, Ronald K. Hanson,
	Soonho Song, William C. Gardiner, Jr., Vitali V. Lissianski, and
	Zhiwei Qin, {\url{http://www.me.berkeley.edu/gri_mech/}}}
}

@OTHER{Lu_2008,
  note = {T. Lu and C. K. Law, A CSP-based criterion for the identification
	of QSS species: a reduced mechanism for methane oxidation with NO
	chemistry, In preparation (2008)}
}
@OTHER{EPA_2004,
  note = {U.S. Environmental Protection Agency, 
    Air quality criteria for particulate matter, EPA/600/P-99/002aF, October
    2004}
}


@OTHER{TNF_radiation,
  note = {International Workshop on Measurement and Computation of Turbulent
	Nonpremixed Flames--Radiation, URL: {\url{http://www.sandia.gov/TNF/radiation.html}}
	}
}

@OTHER{TNF_DLR,
  note = {International Workshop on Measurement and Computation of Turbulent
	Nonpremixed Flames, URL: {\url{http://www.sandia.gov/TNF/DataArch/DLRflames.html}}
	}
}

@Article{Meier_2000,
  author   = {W Meier and R.S Barlow and Y.-L Chen and J.-Y Chen},
  title    = {{Raman/Rayleigh/LIF} measurements in a turbulent {CH$_4$/H$_2$/N$_2$} jet diffusion flame: experimental techniques and turbulence-–chemistry interaction},
  journal  = {Combustion and Flame},
  year     = {2000},
  volume   = {123},
  pages    = {326-343},
  issn     = {0010-2180},
  keywords = {DLR flames experimental LIF (laser induced fluorescence) turbulent jet flame TNF Workshop SNL (Sandia National Labs)},
}

@Article{Pitsch_2000a,
  author   = {Heinz Pitsch},
  title    = {Unsteady flamelet modeling of differential diffusion in turbulent jet diffusion flames},
  journal  = {Combustion and Flame},
  year     = {2000},
  volume   = {123},
  pages    = {358-374},
  issn     = {0010-2180},
}

@Article{Fairweather_2004,
  author   = {M. Fairweather and R.M. Woolley},
  title    = {First-order conditional moment closure modeling of turbulent, nonpremixed methane flames},
  journal  = {Combustion and Flame},
  year     = {2004},
  volume   = {138},
  pages    = {3-19},
  issn     = {0010-2180},
  keywords = {Mathematical modeling, CMC, First-order, Nonpremixed methane flames},
}

@Article{Lindstedt_2005a,
  author   = {R.P. Lindstedt and H.C. Ozarovsky},
  title    = {Joint scalar transported {PDF} modeling of nonpiloted turbulent diffusion flames},
  journal  = {Combustion and Flame},
  year     = {2005},
  volume   = {143},
  pages    = {471-490},
  issn     = {0010-2180},
  keywords = {Turbulence, Combustion, Transported PDF, Diffusion flames},
}

@Article{Wang_2011b,
  author   = {Haifeng Wang and Stephen B. Pope},
  title    = {Large eddy simulation/probability density function modeling of a turbulent {CH4/H2/N2} jet flame},
  journal  = {Proceedings of the Combustion Institute},
  year     = {2011},
  volume   = {33},
  pages    = {1319-1330},
  issn     = {1540-7489},
  keywords = {Large eddy simulation, Probability density function methods, Turbulent jet flame},
}

@Article{Lee_2008,
  author    = {K. W. Lee and D. H. Choi},
  title     = {Prediction of {NO} in turbulent diffusion flames using Eulerian particle flamelet model},
  journal   = {Combustion Theory and Modelling},
  year      = {2008},
  volume    = {12},
  pages     = {905-927},
  publisher = {Taylor \& Francis},
}

@Article{Lee_2009,
  author   = {K.W. Lee and D.H. Choi},
  title    = {Analysis of {NO} formation in high temperature diluted air combustion in a coaxial jet flame using an unsteady flamelet model},
  journal  = {International Journal of Heat and Mass Transfer},
  year     = {2009},
  volume   = {52},
  pages    = {1412-1420},
  issn     = {0017-9310},
  keywords = {High temperature air combustion, Turbulent nonpremixed flame, Flamelet model, NO formation, Coaxial jet},
}
@article{Pitsch_2020,
  author   = {H.Pitsch and H. Steiner},
  title    = {Scalar mixing and dissipation rate in large eddy simulations of non-premixed turbulent combustion},
  journal  = {Proceeding of the Combustion Institude },
  year     = {2000},
  volume   = {29},
  pages    = {41-49},
  
}
@article{Gurvich_1967,
  author   = {Gurvich, A.S., Yaglom_1967},
  title    = {Breakdown of eddies and probability distributions for
small-scale turbulence},
  journal  = {Phys. Fluids },
  year     = {1967},
  volume   = {10},
  pages    = {59-65},
  

}
@article{Yeung_2004,
  author   = {P. K. Yeung and S. Xu and D. A. Donzis and K. R. Sreenivasan},
  title    = {Simulations of Three-Dimensional Turbulent Mixing for Schmidt Numbers of the Order 1000},
  journal  = {Flow, Turbulence and Combustion},
  year     = {2004},
  volume   = {72},
  pages    = {333-347},

}
@ARTICLE{Dahm_1989,
  author = {W.A. Dahm and K.A. Buch},
  title = {Lognormality of the scalar dissipation pdf in turbulent flows },
  journal = {Phys. Fluids },
  year = {1989},
  volume = {7},
  pages = {1290–1293},
}
@article{Obukhov_1962,
  author   = {A.M.Obukhov},
  title    = { Some specific features of atmospheric turbulence},
  journal  = {Journal of Fluid Mechanics  },
  year     = {1962},
  volume   = {13},
  pages    = {77-81},

}
@article{Kolmogorov_1962,
  author   = {A. N. Kolmogorov},
  title    = { A refinement of previous hypotheses concerning the local structure of turbulence in a viscous in-compressible fluid at high Reynolds number},
  journal  = { Journal of Fluid Mechanics },
  year     = {1962},
  volume   = {13},
  pages    = {82-85},

}
@article{Donzis_2005,
  author   = {D. A. Donzis and K. R. Sreenvasan and P. K. Yeung},
  title    = { Scalar dissipation rate and dissipative anomaly in isotropic turbulence},
  journal  = { Journal of Fluid Mechanics },
  year     = {2005},
  volume   = {532},
  pages    = {199-216},

}
@ARTICLE{Sreenivasan_2019,
  author = {K. R. Sreenivasan},
  title = {Turbulent mixing: A perspectives},
  journal = {PNAS},
  year = {2019},
  volume = {116},
  pages = {18175–18183}
}
@book{Fox_2003,
  location = {{Iwoa State University, Iwoa}},
  title = {Computational Models for Turbulent Reacting Flows},
  isbn = {0 521 65907 8},
  timestamp = {2015-01-06T20:48:30Z},
  publisher = {{Cambridge University Press}},
  author = {Fox, Rodney O.},
  year = {2003}
}

@ARTICLE{Silve_2015,
  author = {C. da Silva},
  title = {Lagrangian Mixing Models for Turbulent
Combustion: Review and Prospects },
  journal = {Flow Turbulence Combust},
  year = {2015},
  volume = {94},
  pages = {643–689},
}

@ARTICLE{Tai_2021,
  author = {Y. Tai, T. Watanabe, K. Nagata},
  title = {Multi-particle models of molecular diffusion for Lagrangian simulation coupled with LES for passive scalar mixing in compressible turbulence },
  journal = {Computers and Fluids},
  year = {2021},
  volume = {221},
  pages = {104886},
}
@ARTICLE{Flagan_1974,
  author = {R.C. Flagan, J.P. Appleton},
  title = {A stochastic model of turbulent mixing with chemical reaction: Nitric
oxide formation in a plug-flow burner},
  journal = {Combust. Flame},
  year = {1974},
  volume = {23},
  pages = {249-267},
}

@ARTICLE{Pope_1991,
  author = {S.B. Pope},
  title = {A Mapping closures for turbulent mixing and reaction},
  journal = {Theoretical and Computational Fluid Dynamics},
  year = {1991},
  volume = {2},
  pages = {225-270},
}

@ARTICLE{Klimenko_2003,
  author = { A.Y. Klimenko,S.B. Pope},
  title = {The modeling of turbulent reactive flows based on multiple mapping
conditioning},
  journal = {Phys. Fluids},
  year = {2003},
  volume = {15},
  pages = {1907–1925},
}

@ARTICLE{Meyer_2006,
  author = { D.W. Meyer, P. Jenny},
  title = {A mixing model for turbulent flows based on parameterized scalar profiles},
  journal = {Phys. Fluids},
  year = {2006},
  volume = {18},
  pages = {035105},
}
@ARTICLE{Yeung1997,
  author = {P. K. Yeung, Y. Zhou},
  title = {Universality of the Kolmogorov constant in numerical simulations of turbulence},
  journal = {YSICAL REVIEW E},
  year = {1997},
  volume = {56},
  number = 	 {2},
  pages = {1746-1752},
}
@ARTICLE{Heinz_2007,
  author = {S. Heinz},
  title = {Unified turbulence models for LES and RANS, FDF and PDF simulations},
  journal = {Theor. Comput. Fluid Dyn.},
  year = {2007},
  volume = {21},
  pages = {99–118},
}

@ARTICLE{Zhiyin2015,
  author = {Y. Zhiyin},
  title = {Large-eddy simulation: Past, present and the future},
  journal = {Chinese Journal of Aeronautics},
  year = {2015},
  volume = {28},
  pages = {11–24},
}
@ARTICLE{Bilger1997,
  author = {A. Kronenburg and R. W. Bilger},
  title = {Modelling of differential diffusion effects in nonpremixed nonreacting turbulent flow},
  journal = {Physics of Fluids},
  year = {1997},
  volume = {9},
  number = {5},
  pages = {1435-1447},
}

@ARTICLE{Jullien1998,
  author = {M. Jullien and J. Paret and P. Tabeling},
  title = {Richardson Pair Dispersion in Two-Dimensional Turbulence},
  journal = {PHYSICAL REVIEW LETTERS},
  year = {1998},
  volume = {82},
  pages = {2872-2875},
}


@ARTICLE{Yeung_2013,
  author = {P. K. Yeung and K. R. Sreenivasan },
  title = {Spectrum of passive scalars of high molecular
diffusivity in turbulent mixing},
  journal = {J. Fluid Mech. },
  year = {2013},
  volume = {716},
  pages = {R14}
}

@ARTICLE{Yeung_2014,
  author = {Yeung, P. K. and Sreenivasan, K. R.},
  title = "{Direct numerical simulation of turbulent mixing at very low Schmidt number with a uniform mean gradient}",
    journal = {Physics of Fluids},
    volume = {26},
    number = {1},
    year = {2014},
}

@ARTICLE{Argyropoulos2015 ,
  author = {C. D. Argyropoulos and N.C. Markatos },
  title = {Recent advances on the numerical modelling of turbulent flows},
  journal = {Applied Mathematical Modelling},
  year = {2015},
  volume = {39},
  pages = {693–732},
}


@ARTICLE{Pope_1998 ,
  author = {S. Subramaniam and S. Pope},
  title = {Recent advances on the numerical modelling of turbulent flows},
  journal = {Applied Mathematical Modelling},
  year = {1998},
  volume = {115},
  pages = {487-514},
}



@ARTICLE{Villermaux_2019 ,
  author = {E. Villermaux},
  title = {Mixing Versus Stirring},
  journal ={ Annu Rev Fluid Mech},
  year = {2019},
  volume = {51},
  pages = {245-273},
}


@ARTICLE{Shraiman_2000 ,
  author = {B. I. Shraiman and E.D.Siggia},
  title = {Mixing Versus Stirring},
  journal ={ Annu Rev Fluid Mech},
  year = {2000},
  volume = {405},
  pages = {639-646},
}



@BOOK{Monin_1975,
  author = {A. S. Monin and A.M. Yaglom},
  title = {in Statistical Fluid Mechanics},
  year = {1975},
  address = {MIT Press, Cambridge, MA},

}

@article{Obukhov_1949,
  author   = {A. M. Obukhov},
  title    = {Structure of the temperature field in turbulent flows},
  journal  = {Izv Geogr Geophys},
  year     = {1949},
  volume   = {13},
  pages    = {58-69},

}


@article{Corrsin_1951,
  author   = {S. Corrsin },
  title    = {On the spectrum of isotropic temperature fluctuations in isotropic turbulence},
  journal  = {J Appl Phys},
  year     = {1951},
  volume   = {22},
  pages    = {469-473},

}


@article{Batchelor_1959,
  author   = {GK. Batchelor},
  title    = {Small scale variation of convected quantities like 
              temperature in a turbulent fluid. Part 1. General discussion 
              and the case of small conductivity.},
  journal  = {J Fluid Mech},
  year     = {1959},
  volume   = {5},
  pages    = {113-133},

}

@ARTICLE{Fiolitakis2014,
  author = {A. Fiolitakis, P. R. Ess, P. Gerlinger and M. Aigner},
  title = {Modeling of heat transfer and differential diffusion in transported PDF methods},
  journal = {Combustion and Flame},
  year = {2014},
  volume = {161},
  number = {8},
  pages = {2107-2119},
}




@ARTICLE{Richardson_1926,
  author = {L. Richardson},
  title = {Atmospheric diffusion shown on a distance-neighbour graph},
  journal = {Proceedings
             of the Royal Society of London Series A, Containing Papers of a
             Mathematical and Physical Character,},
  year = {1926},
  volume = {110},
  pages = {709-737}
}


@ARTICLE{Elsinga_2022,
  author = {G. Elsinga and T. Ishihara and J. Hunt},
  title = {Non-local dispersion and the reassessment of Richardson’s t3-scaling law},
  journal = {Journal of Fluid Mechanics},
  year = {2022},
  volume = {932},
  pages = {A17}
}


@ARTICLE{Crawford_2018,
  author = {F. W. Crawford and L. S. T. Ho and M. A. Suchard},
  title = {Computational methods for birth-death processes},
  journal = {Wiley Interdiscip. Rev. Comput. Stat.},
  year = {2018},
  volume = {10},
  pages = {e1423}
}

@article{Dopazo_1979,
author = {Dopazo, C{\'e}sar },
title = {Relaxation of initial probability density functions in the turbulent convection of scalar fields},
journal = {The Physics of Fluids},
volume = {22},
number = {1},
pages = {20-30},
year = {1979},
doi = {10.1063/1.862431}
}

@ARTICLE{Dopazo_1974,
  author = {C. Dopazo and O’Brien},
  title = {An approach to the autoignition of a turbulent mixture},
  journal = {Acta Astronaut},
  year = {1974},
  volume = {1},
  pages = {1239–1266}
}
@article{Dopazo_1994,
  title={Recent developments in pdf methods},
  author={Dopazo, C{\'e}sar},
  journal={Turbulent reacting flows},
  volume={375},
  pages={474},
  year={1994},
  publisher={Academic Press London}
}
@ARTICLE{Sreenivasan_1996,
  author = {K.R. Sreenivasan},
  title = {The passive scalar spectrum and the Obukhov–Corrsin constant.},
  journal = {Phys. Fluids},
  year = {1996},
  volume = {8},
  pages = {189–196}
}
@ARTICLE{Yeung_2005,
  author = {P.K. Yeung, D.A. Donzis and K.R.Sreenivasan },
  title = {High-Reynolds-number simulation of turbulent mixing.},
  journal = {Phys. Fluids},
  year = {2005},
  volume = {17},
  pages = {081703}
}

@ARTICLE{Miller_1996,
  author = {P.L. Miller and P.E. Dimotakis},
  title = {Measurements of scalar power spectra in high Schmidt number turbulent jets},
  journal = { J. Fluid Mech.},
  year = {1996},
  volume = {308},
  pages = {129-146}
}

@ARTICLE{Donzis_2010,
  author = {D.A. Donzis, K.R.Sreenivasan and P.K. Yeung},
  title = {The Batchelor spectrum for mixing
of passive scalars in isotropic turbulence},
  journal = {Flow Turbul. Combust.},
  year = {2010},
  volume = {85},
  pages = {549–566}
}
@ARTICLE{Yeung_2002,
  author = {P. K. Yeung, Shuyi Xu and K. R. Sreenivasan},
  title = {Schmidt number effects on turbulent
transport with uniform mean scalar gradient},
  journal = {Flow Turbul. Combust.},
  year = {2002},
  volume = {14},
  pages = {4178–4191}
}

@article{Kessouri_2018,
author = {Kessouri, Faycal and Ulses, Caroline and Estournel, Claude and Marsaleix, Patrick and D'Ortenzio, Fabrizio and Severin, Tatiana and Taillandier, Vincent and Conan, Pascal},
title = {Vertical Mixing Effects on Phytoplankton Dynamics and Organic Carbon Export in the Western Mediterranean Sea},
journal = {Journal of Geophysical Research: Oceans},
volume = {123},
number = {3},
pages = {1647-1669},
doi = {https://doi.org/10.1002/2016JC012669},
year = {2018}
}

@article{Lim_2022,
author = { Lim, H. D. and Grylls, T. and Gough, H. and  Reeuwijk, M. and Grimmond, S. and Vanderwel C. },
title = {Pollutant dispersion by tall buildings: laboratory experiments 
and Large‑Eddy Simulation},
journal = {Experiments in Fluids},
volume = {63},
number = {92},
pages = {1-20},
doi = {https://doi.org/10.1007/s00348-022-03439-0},
year = {2022}
}

@article{Cabra_2002,
title = {Simultaneous laser raman-rayleigh-lif measurements and numerical modeling results of a lifted turbulent H2/N2 jet flame in a vitiated coflow},
journal = {Proceedings of the Combustion Institute},
volume = {29},
number = {2},
pages = {1881-1888},
year = {2002},
doi = {https://doi.org/10.1016/S1540-7489(02)80228-0},
author = { Cabra, R. and Myhrvold, T. and Chen, J.Y. and  Dibble, R.W. and  Karpetis, A.N. and  Barlow, R.S.},
}

@article{Cabra_2005,
  title={Lifted methane--air jet flames in a vitiated coflow},
  author={Cabra, R. and Chen, J.Y. and Dibble, R.W. and Karpetis, A.N. and Barlow, R.S.},
  journal={Combustion and Flame},
  volume={143},
  number={4},
  pages={491--506},
  year={2005}
}

@article{Pope_1985,
title = {PDF methods for turbulent reactive flows},
journal = {Progress in Energy and Combustion Science},
volume = {11},
number = {2},
pages = {119-192},
year = {1985},
doi = {https://doi.org/10.1016/0360-1285(85)90002-4},
author = {S.B. Pope}
}

@article{richardson1926atmospheric,
  title={Atmospheric diffusion shown on a distance-neighbour graph},
  author={Richardson, L.F.},
  journal={Proceedings of the Royal Society of London. Series A, Containing Papers of a Mathematical and Physical Character},
  volume={110},
  number={756},
  pages={709--737},
  year={1926},
  publisher={The Royal Society London}
}

@article{elsinga_ishihara_hunt_2022, title={Non-local dispersion and the reassessment of Richardson's t3-scaling law}, volume={932}, DOI={10.1017/jfm.2021.989}, journal={Journal of Fluid Mechanics}, publisher={Cambridge University Press}, author={Elsinga, G.E. and Ishihara, T. and Hunt, J.C.R.}, year={2022}, pages={A17}}

@article{Batchelor_1950,
author = {Batchelor, G. K.},
title = {The application of the similarity theory of turbulence to atmospheric diffusion},
journal = {Quarterly Journal of the Royal Meteorological Society},
volume = {76},
number = {328},
pages = {133-146},
doi = {https://doi.org/10.1002/qj.49707632804},
year = {1950}
}

@article{Tsai_1996,
title = "{Modeling the scalar dissipation rate for a turbulent series-parallel reaction}",
journal = "Chem. Eng. Sci.",
volume = "51",
number = "10",
pages = "1929 - 1938",
year = "1996",
doi = "https://doi.org/10.1016/0009-2509(96)00050-4",
author = "Tsai, K. and Fox, R. O."
}

@article{Obukhov1941,
    title ={Spectral energy distribution in turbulent flow},
    author={Obukhov, A. M.},
    journal={Izv. Akad. Nauk. SSSR},
    volume = {5},
    pages= {453-566},
    year=  {1941}
}

@article{Watanabe_2004,
doi = {10.1088/1367-2630/6/1/040},
url = {https://dx.doi.org/10.1088/1367-2630/6/1/040},
year = {2004},
month = {apr},
publisher = {},
volume = {6},
number = {1},
pages = {40},
author = {Takeshi Watanabe and Toshiyuki Gotoh},
title = {Statistics of a passive scalar in homogeneous turbulence},
journal = {New Journal of Physics}
}


@article{Batchelor1950,
author = {Batchelor, G. K.},
title = {The application of the similarity theory of turbulence to atmospheric diffusion},
journal = {Quarterly Journal of the Royal Meteorological Society},
volume = {76},
number = {328},
pages = {133-146},
year = {1950}
}

@book{Pope:2011,
	author = "Pope, S. B.",
	edition = "11th",
	institution = "Cambridge University",
	publisher = "Cambridge University Press",
	title = "{Turbulent Flows}",
	year = "2011"
}

@article{Sreenivasan1995,
  title={On the universality of the Kolmogorov constant},
  author={Sreenivasan, K.R.},
  journal={Physics of Fluids},
  volume={7},
  number={11},
  pages={2778--2784},
  year={1995},
}
